2127 2905
1006 164 1238 189 —VI—

295 290 571 326 auctoritatem
604 288 743 328 habet,
778 284 1097 332 quandoquidem
1130 286 1179 320 ab
1213 287 1298 333 ipso
1333 288 1495 321 auctore
1530 287 1755 322 emendatus
1781 291 1819 322 et
1844 287 1953 323 locu·

295 381 462 427 pletatus
493 385 569 421 est,
605 384 732 413 tamen
762 377 844 411 fere
872 376 972 411 nihil
1001 376 1052 410 ad
1079 376 1184 411 locos
1217 387 1241 410 a
1269 387 1330 410 me
1365 376 1491 412 editos
1530 376 1785 423 corrigendos
1818 383 1952 413 contu—

295 471 360 513 lit;
395 471 461 505 sed
500 469 569 504 alii
608 468 704 503 mihi
740 467 982 502 memorandi
1013 471 1125 501 sunt:
1176 465 1303 502 Codex
1344 466 1492 502 scilieet
1535 467 1666 515 operis
1699 467 1953 510 al-Mannah,

296 571 409 607 quem
444 559 651 606 aequisivit
690 558 931 593 Bibliotheca
973 556 1204 603 Lipsiensis,
1249 556 1378 592 Codex
1429 556 1737 594 Ibn-al-Khatibi
1753 587 1762 601 ,
1806 559 1875 606 qui
1912 558 1953 592 in

298 651 576 686 Bibliothecam
613 649 899 684 Berolinensem
941 647 1075 682 illatus
1110 651 1192 688 est,
1231 651 1268 680 et
1310 645 1438 681 Codex
1469 647 1677 683 voluminis
1717 649 1828 684 tertii
1865 648 1955 683 Ibn-

301 742 493 786 ssassami,
521 752 636 787 quem
662 739 870 786 acquisivit
893 737 947 773 Cl.
975 736 1023 771 de
1049 736 1266 783 Gayangos.
1321 736 1619 773 Memorandum
1642 739 1739 774 mihi
1767 744 1825 773 est
1848 748 1957 785 prae-

303 834 408 864 terea
436 832 699 878 fragmentum
724 829 970 876 Algeriense,
1005 838 1184 874 magnam
1216 832 1368 874 partem
1404 827 1583 862 locorum
1616 828 1902 870 Ibn-Bassami‚
1934 840 1957 863 a

297 934 357 956 me
381 921 601 965 editorum,
628 920 850 962 continens,
875 924 913 953 et
943 918 1112 964 denique
1152 918 1321 953 secunda
1348 929 1440 964 pars
1469 917 1747 962 al-Makkarii‚
1775 920 1855 966 qua
1886 919 1956 953 diu

297 1023 413 1059 aegre
436 1023 638 1048 carueram
659 1020 837 1058 quaeque
860 1013 950 1043 ante
981 1008 1052 1043 hos
1075 1018 1220 1055 paucos
1247 1019 1367 1043 annos
1400 1008 1579 1043 emtionis
1604 1010 1691 1043 iure
1718 1009 1760 1044 in
1784 1013 1957 1045 nostram

298 1103 579 1138 Bibliothecam
614 1101 838 1136 Leidensem
866 1099 1031 1134 devenit.
1096 1098 1168 1133 'His
1200 1098 1311 1133 novis
1344 1098 1527 1133 subsidiis
1555 1098 1772 1134 instructus
1790 1125 1800 1140 .,
1833 1110 1960 1134 meum

300 1195 445 1229 librum
479 1192 613 1227 multis
648 1191 690 1226 in
716 1189 813 1226 loeis
838 1188 1062 1234 corrigere,
1096 1188 1336 1234 locupletare
1372 1194 1410 1223 et
1439 1189 1613 1236 expolire
1640 1189 1765 1235 potui.

399 1283 531 1318 Tertia
557 1282 695 1317 aderat
736 1291 863 1317 cansa.
931 1278 1050 1313 Liber
1082 1289 1190 1313 meus
1225 1278 1273 1313 de
1312 1278 1524 1314 Abbadidis
1557 1290 1655 1326 opus
1690 1285 1748 1315 est
1780 1279 1961 1316 iuvenile.

303 1375 383 1422 Ego
411 1384 504 1409 vero
528 1383 632 1408 nunc
655 1372 736 1419 ipse
766 1381 889 1406 meam
923 1369 1127 1404 audaciam
1157 1368 1355 1412 admiror,
1381 1369 1451 1416 qui
1479 1369 1627 1406 scilicet
1657 1371 1704 1405 ea
1728 1375 1855 1406 aetate
1887 1382 1965 1406 non

304 1476 424 1502 unum
448 1469 646 1500 auctorem
672 1461 865 1498 edendum
889 1461 987 1496 mihi
1006 1460 1245 1504 sumserim,
1280 1460 1348 1496 sed
1383 1460 1603 1507 fragmenta
1633 1472 1652 1495 e
1679 1461 1833 1502 multis,
1870 1471 1965 1506 quo—

304 1568 392 1592 rum
421 1554 579 1602 quidem
612 1553 792 1601 plerique
825 1552 878 1588 ad
905 1551 1173 1588 Occidentales
1213 1551 1361 1586 Arabes
1393 1551 1592 1598 pertinent
1605 1579 1615 1595 7
1653 1556 1694 1586 at
1728 1551 1799 1597 qui
1841 1551 1965 1585 ratio-

306 1646 463 1683 cinandi
496 1650 534 1681 et
559 1643 715 1680 dicendi
751 1643 942 1679 rationem
971 1643 1115 1678 habent
1149 1641 1364 1686 diversam‚
1401 1642 1547 1689 quique
1581 1643 1685 1678 inter
1716 1641 1966 1677 difficillimos

307 1738 446 1773 merito
477 1739 740 1772 recensentur.
805 1733 911 1769 Fieri
945 1734 1077 1780 itaque
1115 1743 1191 1767 non
1231 1736 1388 1779 poterat
1423 1732 1521 1778 quin
1554 1733 1595 1767 in
1632 1733 1776 1768 multos
1813 1742 1970 1768 errores

309 1830 425 1872 (inter
459 1837 557 1874 quos
595 1830 685 1861 sunt
712 1835 882 1871 quorum
914 1836 1017 1860 nunc
1049 1834 1109 1858 me
1140 1822 1274 1870 pudet)
1307 1823 1542 1866 inciderem,
1579 1834 1669 1858 nam
1706 1823 1828 1858 editio
1860 1823 1970 1869 prin·

309 1930 396 1966 ceps
427 1917 565 1953 talium
589 1920 820 1959 auctorum,
847 1916 982 1962 quales
1009 1919 1100 1950 sunt
1129 1913 1378 1948 Ibn-Bassam
1411 1918 1450 1947 et
1482 1912 1661 1955 al-Fath,
1689 1922 1840 1959 semper
1865 1924 1970 1948 man·

312 2021 355 2044 ca
380 2008 456 2043 erit
489 2013 527 2042 et
555 2007 795 2054 imperfecta.
864 2006 996 2041 Nonne
1031 2005 1208 2041 videmus
1236 2003 1294 2038 vel
1327 2003 1431 2050 ipsos
1465 2005 1590 2039 textns
1624 2003 1792 2038 Graecos
1827 2008 1866 2038 et
1901 2003 1973 2038 La-

319 2101 415 2134 tinos
446 2098 580 2133 multis
610 2097 740 2133 adhue
773 2096 921 2132 mendis
954 2096 1166 2131 laborare?
1229 2094 1410 2128 Attamen
1456 2105 1527 2141 per
1561 2094 1678 2141 plura
1713 2094 1789 2129 iam
1820 2094 1973 2129 saecula

315 2190 391 2226 viri
419 2188 632 2226 doctissimi
670 2193 708 2223 et
739 2187 952 2222 acutissimi
992 2188 1053 2223 his
1086 2184 1336 2222 emendandis
1370 2196 1528 2232 operam
1560 2189 1776 2227 navarunt,
1815 2185 1973 2232 optimis

316 2281 498 2317 subsidiis
523 2279 672 2325 (Lexica
704 2278 897 2326 imprimis
933 2278 1144 2326 intelligo),
1171 2277 1315 2324 quibus
1341 2288 1410 2311 nos
1445 2276 1485 2311 in
1519 2276 1663 2311 litteris
1703 2275 1879 2311 Arabicis
1913 2287 1972 2311 ea-
