2127 2905
994 197 1306 232 -124—

320 308 410 339 vertit
434 318 504 339 eum
524 308 617 351 igitur
641 307 742 342 fama,
769 303 877 345 effugit
898 301 927 331 ei
947 298 978 330 id
1003 298 1086 342 quod
1104 297 1243 333 volebat,
1273 301 1304 326 et
1324 305 1355 325 se
1380 294 1496 336 recepit
1521 293 1560 324 ad
1580 294 1742 326 castellum
1762 295 1819 326 viri
1841 298 1973 336 utroque

318 376 447 406 viziratu
475 373 574 405 ornati
610 377 639 402 et
671 368 860 401 centurionis
886 366 1069 408 Abu-Aijub
1103 361 1412 404 ’ibn-·abi-l„{aet35d,
1446 360 1562 392 domini
1599 362 1661 392 mei
1693 362 1864 405 optimique
1895 363 1975 393 inter

318 455 401 474 meos
422 441 575 472 adiutores
590 461 598 475 ,
625 448 719 480 quem
744 436 826 467 Deus
850 434 1044 466 incolumem
1078 433 1199 463 servet!
1237 431 1307 462 Misi
1336 436 1411 461 tunc
1436 428 1474 460 ad
1502 429 1726 466 maledictum,
1751 430 1781 460 ei
1800 429 1976 472 significans

320 522 368 542 me
384 534 391 547 ,
417 510 440 539 si
465 519 495 538 se
525 516 671 538 excusare
697 504 805 541 vellet,
842 504 907 535 eius
940 500 1170 533 excusationem
1196 498 1422 534 admissurum,
1449 496 1502 528 sed
1529 496 1620 528 simul
1650 496 1770 539 equites
1794 497 1863 527 misi
1879 521 1887 534 ,
1923 498 1974 538 qui

318 587 387 608 eum
410 573 640 605 circumdarent
665 579 695 604 et
718 573 750 603 in
775 570 950 614 angustiam
975 567 1176 610 redigerent3
1204 577 1265 608 quo
1291 566 1407 597 factum
1433 571 1478 596 est
1507 570 1542 595 ut
1566 571 1728 607 cogeretur
1760 564 1797 595 ad
1826 576 1857 595 se
1886 574 1979 594 excu—

319 642 448 673 sandum
469 647 499 673 et
525 641 647 672 veniam
674 638 864 683 petendum,
890 644 988 680 utque
1012 634 1252 678 compelleretur
1280 632 1318 664 ad
1339 631 1601 663 condonationem
1631 638 1661 663 et
1686 632 1905 675 impunitatem
1928 643 1977 661 ro-

317 709 464 752 gandum.
512 708 577 751 Ego
603 719 675 739 eum
696 707 833 749 benigne
854 705 960 748 excepi
984 710 1015 737 et
1039 710 1074 734 ut
1094 709 1216 745 gratum
1239 701 1372 738 admisi;
1402 700 1505 743 ignovi
1530 700 1558 730 ei
1582 705 1659 730 caet.

361 777 434 819 Pag.
457 778 542 812 289,
567 787 610 806 vs.
636 778 673 806 15
700 781 730 805 et
755 785 826 805 ann.
851 775 923 804 173.
972 773 1073 815 Lege:
1099 769 1234 813 serpenti
1265 769 1316 799 cui
1340 769 1453 800 frustra
1476 766 1611 798 blandiri
1636 766 1748 798 studes.
1773 786 1817 790 —
1842 767 1979 799 Annota-

320 849 394 879 tioni
414 850 476 879 173
501 847 706 878 substituatur
726 846 820 877 haec:
846 830 980 888 Lgl'ii]523·2
1005 844 1036 874 in
1056 841 1308 874 homoeoteleuto
1327 845 1372 870 est
1392 838 1474 870 idem
1495 844 1588 881 atque
1613 820 1747 885 1435:inss
1770 849 1786 868 a
1813 838 1904 869 verbo
1923 827 1979 885 is).

361 935 420 953 -,
444 927 486 947 vs.
515 915 653 946 16—18'.
702 913 803 955 Lege:
832 913 955 943 dixisses
981 922 1053 943 eum
1081 909 1167 953 parvi
1201 908 1302 938 facere
1335 906 1366 937 id
1397 906 1480 949 quod
1504 906 1635 949 (crimen
1661 905 1756 949 quod)
1783 907 1979 937 commiserat

317 991 347 1015 et
366 995 421 1027 pro
442 983 540 1015 nihilo
566 982 680 1013 habere
705 981 804 1013 scelus
823 979 908 1023 quod
926 982 1167 1022 perpetraverat.
1187 992 1229 998 --
1255 975 1341 1016 Quae
1366 981 1540 1016 sequuntur
1561 985 1645 1005 nunc
1666 973 1783 1005 correxi
1804 973 1841 1003 ad
1863 979 1980 1004 textum

317 1053 409 1083 huius
433 1051 503 1083 loci.

361 1137 429 1157 —‚
455 1131 498 1150 vs.
522 1121 538 1149 7
561 1130 578 1148 a
599 1119 621 1150 f.
647 1136 691 1141 -—-
716 1119 733 1147 5
757 1128 773 1146 a
797 1116 819 1147 s.
869 1114 971 1157 Lege:
1012 1114 1066 1156 qui
1098 1111 1312 1143 sordidissimis
1350 1110 1523 1141 officiorum
1554 1108 1718 1152 generibus
1752 1108 1981 1150 fungebantur,

322 1185 578 1230 quandoquidem
603 1183 788 1215 maledictus
810 1183 866 1214 iste
887 1193 950 1213 non
976 1180 1122 1224 cupiebat
1144 1185 1176 1210 ut
1199 1177 1257 1208 sibi
1282 1187 1373 1220 opem
1396 1176 1489 1208 ferret
1513 1177 1549 1207 in‘
1567 1176 1626 1207 hac
1650 1175 1815 1218 improvisa
1839 1181 1869 1206 et
1898 1175 1984 1206 frau-

318 1259 445 1290 dulenta
470 1257 642 1300 irruptione
667 1254 737 1286 talis
760 1255 791 1285 in
816 1265 877 1296 quo
899 1254 948 1285 vel
969 1253 1099 1284 minima
1119 1262 1188 1294 pars
1214 1249 1287 1280 boni
1309 1254 1387 1280 esset
1412 1254 1465 1279 aut
1484 1248 1613 1279 minima
1634 1248 1803 1290 integritas.
1830 1265 1873 1270 —
1891 1233 1984 1277 552.ss

318 1327 441 1369 proprie
466 1332 532 1357 est:
554 1335 672 1368 pauca
695 1335 787 1366 aqua
813 1334 900 1365 quae
925 1325 963 1353 z'n
997 1325 1074 1352 utre
1100 1322 1225 1350 restat.
1281 1316 1513 1348 Az-Zamaesari
1536 1315 1567 1345 in
1591 1318 1702 1346 Ᾰεᾱεο
1724 1313 1886 1357 'l-balagg
1913 1314 1982 1355 (sub

319 1397 457 1439 6.qu
485 1379 556 1436 3,ᾼὲ
585 1397 632 1427 {ts
660 1410 709 1443 Ua
737 1376 830 1426 {Ka-2⁴2
857 1394 947 1425 &Litus
974 1398 1034 1440 ὀψὲ
1063 1392 1130 1433 μὴ.
1191 1389 1291 1432 Igitur
1315 1388 1457 1431 proprie:
1491 1387 1621 1419 minima
1657 1387 1737 1417 mica
1772 1392 1826 1417 aut
1853 1386 1983 1417 minima

323 1472 420 1509 gutta.

366 1551 432 1569 —,
458 1542 499 1562 vs.
523 1532 542 1561 2
564 1541 580 1559 a
605 1530 628 1561 f.
679 1529 780 1561 Credo
806 1529 907 1572 potius
933 1524 1116 1558 vertendum
1143 1535 1230 1555 esse:
1266 1534 1349 1565 quae
1372 1523 1403 1553 in
1429 1523 1565 1564 angustis
1594 1529 1624 1554 et
1653 1522 1762 1565 amplis
1792 1522 1866 1553 locis
1895 1533 1982 1564 repe-

321 1602 445 1633 riuntur
472 1599 507 1640 (i.
533 1610 560 1629 e.
585 1598 617 1628 in
639 1597 784 1629 omnibus
809 1595 909 1637 locis).

365 1686 427 1705 —-‚
453 1678 495 1697 vs.
515 1665 572 1695 ult.
622 1665 721 1707 Lege:
748 1676 820 1695 cum
845 1664 953 1694 decem
978 1668 1008 1693 et
1030 1659 1112 1703 quod
1139 1657 1268 1690 excedit.
1294 1675 1338 1681 —-
1362 1656 1482 1699 Nempe
1503 1663 1590 1688 erant
1610 1656 1714 1699 plures
1739 1667 1832 1699 quam
1855 1656 1982 1692 decem,

322 1735 371 1766 sed
398 1735 477 1765 infra
502 1733 621 1774 viginti.

367 1801 440 1843 Pag.
461 1801 524 1830 290
541 1823 548 1837 ,
575 1811 617 1830 vs.
643 1800 740 1830 1-3.
789 1798 893 1840 Lege:
922 1803 952 1827 et
977 1794 1122 1831 moenia,
1147 1792 1223 1824 dum
1247 1791 1411 1823 infandum
1435 1793 1534 1824 scelus
1559 1799 1590 1823 et
1607 1798 1723 1823 tetrum
1743 1793 1863 1822 facinus
1887 1791 1986 1831 (nem-

316 1880 362 1912 pe
391 1866 644 1911 parricidium)
670 1872 849 1910 perpetrare
874 1864 1020 1901 volebat,
1054 1861 1137 1905 quod
1162 1868 1267 1893 tamen
1292 1861 1402 1892 avertit
1430 1860 1487 1891 Dei
1519 1858 1637 1902 Optimi
1662 1859 1789 1891 Maximi
1822 1858 1983 1890 auxilium.

324 1938 388 1980 Ego
414 1947 483 1967 vero
506 1935 749 1967 commotionem
774 1931 1022 1964 animadvertens
1043 1930 1124 1967 exii,
1151 1940 1313 1972 quumque
1335 1928 1387 1959 ille
1410 1924 1557 1970 illiusque
1575 1927 1648 1957 socii
1673 1938 1722 1957 me
1743 1925 1883 1958 viderent
1904 1933 1984 1958 caet.

367 2026 406 2030 —
424 2033 431 2043 ‚
461 2019 501 2038 vs.
527 2010 556 2038 7.
614 2006 717 2037 Verba
741 1994 876 2055 Γῆὲᾷἷιὲ,
905 2005 1031 2054 5935ss
1059 1989 1168 2045 eia-3552
1198 1988 1359 2050 βρἷλξκεῖ,
1394 2010 1457 2030 non
1482 2005 1565 2030 reete
1597 1999 1692 2035 verti,
1729 1999 1801 2040 quia
1833 2001 1864 2030 4²
1888 1999 1986 2029 forma

326 2090 408 2121 verbi
432 2091 522 2129 ὼᾷκε
557 2088 610 2119 hic.
644 2097 767 2118 sensum
795 2085 914 2122 habet,
945 2084 999 2127 qui
1027 2084 1059 2113 in
1093 2082 1206 2114 Lexico
1237 2092 1300 2112 non
1329 2087 1471 2113 enotatus
1505 2087 1550 2112 est
1585 2080 1726 2123 mihique
1758 2087 1823 2111 erat
1853 2081 1984 2122 ignotus.

326 2170 487 2213 Significat
510 2181 621 2213 nempe
642 2175 708 2200 tum
733 2167 807 2204 hic,
833 2173 900 2197 turn
924 2165 1006 2196 infra
1026 2163 1096 2194 Vol.
1119 2163 1143 2194 I.
1169 2175 1201 2206 p.
1225 2165 1309 2201 504,
1336 2175 1379 2196 vs.
1404 2165 1422 2193 2
1446 2174 1461 2193 a
1481 2163 1502 2194 s.
1517 2187 1525 2200 ,
1553 2151 1618 2193 [Dis
1647 2143 1752 2202 ᾁὲιὲῗ
1775 2160 1896 2203 qffitqz't
1918 2161 1986 2191 ali-

327 2258 441 2289 quem,
459 2246 555 2289 βαρεῖ
580 2257 615 2277 se
639 2247 750 2277 alicui
768 2244 970 2281 subtraxit,
996 2247 1026 2273 et
1050 2240 1167 2284 phrasis
1191 2246 1313 2276 nostra,
1340 2250 1420 2282 quae
1445 2251 1517 2271 cum
1540 2238 1745 2282 praecedente
1770 2237 1987 2280 coniungenda

328 2322 394 2351 est,
420 2315 542 2357 proprie
567 2314 626 2345 hoc
651 2313 813 2356 exprimit:
843 2310 964 2354 effugit
985 2320 1040 2341 eos
1063 2310 1180 2341 exitus
1206 2319 1318 2340 eorum
1339 2309 1534 2351 impietatis
1559 2306 1620 2349 (vel
1640 2317 1674 2338 ex
1700 2305 1737 2340 Β,
1763 2304 1857 2356 ρῇιο
1875 2305 1985 2349 perfi-
