2127 2905
802 183 874 189 —-
900 175 959 199 vu
987 184 1058 189 —

99 311 247 343 remuS‚
283 298 480 335 instructi.
542 296 649 345 Quid
684 296 811 344 igitur
835 297 1005 339 mirum,
1043 296 1076 330 si
1110 296 1151 330 in
1178 296 1274 331 locis
1309 300 1390 331 tam
1421 294 1671 338 difficilibus,
1707 297 1758 331 ad

98 403 197 440 quos
221 390 391 426 edendos
419 400 531 436 saepe
556 399 658 424 unus
682 391 837 423 tantum
869 392 907 422 et
937 386 1078 422 misere
1102 391 1318 433 corruptus
1346 386 1473 422 Codex
1498 391 1656 434 praesto
1682 392 1760 429 est,

98 481 205 518 haud
238 482 354 518 semel
378 480 618 522 erravimus,
645 478 878 527 praesertim
907 478 949 513 in
973 476 1236 521 carminibus,
1263 487 1386 525 quae,
1422 482 1468 512 ut
1496 477 1681 514 discimus
1718 488 1761 512 ex

98 571 363 610 lbn-Bassami
391 571 653 618 praefatione,
680 570 759 606 iam
781 569 867 617 ipso
892 569 962 605 illo
984 574 1160 616 tempore
1180 579 1260 615 quo
1282 570 1421 616 poetae
1443 568 1484 626 in
1507 569 1605 604 vivis
1629 575 1762 613 erant,

97 667 289 710 corrupta
314 661 695 698 circumferebantur
708 661 728 696 Ρ

199 753 328 790 Etiam
358 764 481 797 nunc,
515 753 584 788 ubi
613 763 738 800 pauca
766 756 836 787 aut
860 750 971 786 nulla
1004 762 1105 786 nova
1127 750 1303 786 subsidia
1326 751 1473 794 habeo,
1509 752 1634 786 multa
1668 751 1764 786 mihi

98 846 266 881 obseura
297 849 400 879 sunt.
457 843 640 880 Attamen
666 843 884 879 multorum
911 852 1104 877 annorum
1124 841 1376 877 intervallum
1405 847 1444 876 et
1463 841 1620 888 linguae
1646 843 1765 878 scien-

97 936 193 972 tiam
219 935 346 978 auxit,
378 939 418 970 et
441 934 574 971 limam
600 935 718 971 acuit.
782 933 902 968 Haud
923 944 1068 980 paucos
1093 933 1200 967 locos
1234 932 1339 968 felici
1364 932 1533 979 quodam
1568 943 1679 975 casu,
1707 934 1767 968 vel

99 1027 291 1062 diuturna
317 1031 356 1060 et
383 1025 504 1061 variis
534 1025 703 1073 repetita
730 1023 974 1071 temporibus
1002 1022 1337 1066 consideratione,
1373 1022 1599 1064 emendavi3
1635 1023 1767 1069 sicque

98 1118 245 1152 factum
273 1121 330 1151 est
346 1142 356 1159 ‚
391 1116 596 1151 accedente
632 1126 826 1152 novorum
862 1113 1051 1149 Codicum
1085 1118 1124 1148 et
1159 1113 1378 1149 amicorum
1415 1124 1507 1160 ope,
1552 1113 1582 1147 F
1585 1113 1765 1149 leischeri

99 1206 313 1255 imprimiS,
339 1206 417 1242 viri
442 1217 466 1241 a
490 1207 623 1250 nobis,
649 1210 848 1253 quotquot
869 1216 940 1252 per
961 1205 1163 1251 Europam
1189 1203 1376 1239 Arabicas
1401 1203 1554 1238 litteras
1580 1203 1767 1248 colimus,

101 1309 176 1346 pro
203 1298 348 1333 horum
374 1308 578 1333 sacrorum
602 1297 800 1340 antistite,
827 1294 1062 1338 venerandi,
1089 1299 1134 1329 ut
1166 1305 1268 1329 nova
1301 1298 1340 1329 et
1367 1294 1492 1330 multo
1521 1293 1662 1328 melior
1691 1294 1767 1328 edi-

102 1389 159 1424 tio
195 1389 332 1436 parari
367 1393 508 1435 posset.
577 1387 651 1423 Sed
684 1387 733 1423 de
772 1386 864 1429 hac,
901 1385 944 1420 in
977 1384 1095 1420 huius
1132 1384 1287 1431 generis
1329 1384 1453 1427 libro,
1490 1384 1658 1431 cogitari
1692 1395 1769 1420 uon

102 1483 270 1527 poterat.
331 1478 430 1525 Quis
461 1478 563 1513 enim
593 1477 864 1524 typographus
888 1475 1038 1510 librum
1072 1475 1202 1510 denuo
1237 1474 1444 1511 recuderet
1459 1501 1468 1519 ,
1506 1475 1608 1510 mole
1635 1476 1705 1510 sua
1732 1481 1770 1511 et

102 1570 232 1617 pretio
256 1569 531 1604 laborantem?
581 1567 688 1603 Nihil
711 1567 1035 1615 igitur-restabat
1061 1577 1179 1613 quam
1204 1570 1250 1601 ut
1275 1571 1408 1602 vetera
1434 1567 1476 1602 in
1501 1566 1769 1615 supplemento

102 1665 385 1705 retractarem,
426 1659 700 1695 confirmarem
733 1663 772 1693 et
808 1658 1089 1705 locupletarem
1126 1657 1196 1692 ubi
1239 1668 1337 1704 opus
1377 1658 1608 1700 videbatur,
1658 1669 1770 1693 veras

100 1751 283 1787 lectiones
312 1750 547 1792 indicarem,
576 1737 794 1784 versionem
819 1754 856 1783 et
882 1739 1174 1783 annotationem
1198 1748 1442 1795 corrigerem
1456 1774 1466 1791 ‚
1492 1759 1649 1784 errores
1675 1760 1767 1783 con-

103 1841 260 1884 fiterer,
286 1841 407 1886 idque
431 1840 597 1875 candide
627 1844 666 1874 et
687 1838 928 1886 simpliciter.
980 1838 1105 1873 Simul
1129 1849 1222 1873 vero
1250 1838 1292 1873 id
1318 1838 1476 1880 studui,
1504 1842 1548 1873 ut
1578 1843 1769 1885 quantum

103 1931 217 1978 potui
252 1931 434 1966 afferrem
470 1931 522 1965 ad
552 1931 710 1977 linguae
746 1929 945 1965 scientiam
988 1929 1207 1976 augendam
1246 1934 1285 1964 et
1318 1929 1557 1976 scriptores,
1592 1930 1640 1964 ab
1683 1929 1771 1964 aliis

106 2021 255 2063 editos,
281 2021 564 2063 emendandos3
600 2032 680 2068 quo
706 2020 852 2056 factum
874 2025 931 2055 est
957 2025 1002 2055 ut
1029 2031 1141 2068 saepe
1165 2020 1363 2067 longiores
1388 2020 1681 2055 dissertationes
1707 2020 1771 2055 hic

103 2113 233 2148 locum
259 2112 518 2147 obtinuerint.

199 2201 314 2237 Libri
346 2213 462 2246 usuS,
487 2201 641 2245 fateor,
677 2213 782 2238 nunc
809 2202 903 2238 satis
929 2200 1100 2237 difficilis
1126 2206 1206 2245 est,
1233 2200 1552 2248 quandoquidem
1584 2203 1654 2249 qui
1689 2205 1771 2252 pri-

105 2303 211 2328 mum
246 2293 307 2328 vel
340 2293 552 2331 secundum
580 2292 761 2329 volumen
785 2293 978 2337 consulit,
1006 2303 1157 2341 semper
1182 2293 1346 2329 tertium
1377 2292 1556 2328 evolvere
1578 2300 1743 2342 cogetur
1761 2324 1770 2339 ,
