<?xml version="1.0" encoding="UTF-8"?>
<!DOCTYPE html PUBLIC "-//W3C//DTD XHTML 1.0 Transitional//EN"
    "http://www.w3.org/TR/xhtml1/DTD/xhtml1-transitional.dtd">
<html xmlns="http://www.w3.org/1999/xhtml" xml:lang="en" lang="en">
 <head>
  <title>
</title>
<meta http-equiv="Content-Type" content="text/html;charset=utf-8" />
  <meta name='ocr-system' content='tesseract 3.04.00' />
  <meta name='ocr-capabilities' content='ocr_page ocr_carea ocr_par ocr_line ocrx_word'/>
</head>
<body>
  <div class='ocr_page' id='page_1' title='image "./historiaabbadida03dozyuoft_0172.png"; bbox 0 0 2127 2905; ppageno 0'>
   <div class='ocr_carea' id='block_1_1' title="bbox 1020 203 1333 239">
    <p class='ocr_par' dir='ltr' id='par_1_1' title="bbox 1020 203 1333 239">
     <span class='ocr_line' id='line_1_1' title="bbox 1020 203 1333 239; baseline 0.003 -1"><span class='ocrx_word' id='word_1_1' title='bbox 1020 203 1333 239; x_wconf 76' lang='lat'>—146—</span> 
     </span>
    </p>
   </div>
   <div class='ocr_carea' id='block_1_2' title="bbox 344 286 2011 888">
    <p class='ocr_par' dir='ltr' id='par_1_2' title="bbox 344 286 2011 468">
     <span class='ocr_line' id='line_1_2' title="bbox 389 286 2005 355; baseline 0.004 -22"><span class='ocrx_word' id='word_1_2' title='bbox 389 302 461 346; x_wconf 82' lang='lat' dir='ltr'>Pag.</span> <span class='ocrx_word' id='word_1_3' title='bbox 484 304 568 339; x_wconf 86' lang='lat'>327,</span> <span class='ocrx_word' id='word_1_4' title='bbox 594 312 666 332; x_wconf 85' lang='lat' dir='ltr'>ann.</span> <span class='ocrx_word' id='word_1_5' title='bbox 690 304 740 332; x_wconf 85' lang='lat' dir='ltr'>ll.</span> <span class='ocrx_word' id='word_1_6' title='bbox 790 301 848 332; x_wconf 88' lang='lat' dir='ltr'>Pro</span> <span class='ocrx_word' id='word_1_7' title='bbox 873 286 954 349; x_wconf 52' lang='lat'>{505</span> <span class='ocrx_word' id='word_1_8' title='bbox 977 299 1045 343; x_wconf 82' lang='lat' dir='ltr'>lege</span> <span class='ocrx_word' id='word_1_9' title='bbox 1069 288 1150 350; x_wconf 55' lang='lat'>2250&gt;</span> <span class='ocrx_word' id='word_1_10' title='bbox 1166 303 1192 334; x_wconf 78' lang='lat'>*.</span> <span class='ocrx_word' id='word_1_11' title='bbox 1232 303 1383 335; x_wconf 85' lang='lat' dir='ltr'>Deleatur</span> <span class='ocrx_word' id='word_1_12' title='bbox 1407 301 1608 335; x_wconf 86' lang='lat' dir='ltr'>dubitationis</span> <span class='ocrx_word' id='word_1_13' title='bbox 1627 306 1749 348; x_wconf 85' lang='lat' dir='ltr'>signum</span> <span class='ocrx_word' id='word_1_14' title='bbox 1773 313 1841 350; x_wconf 91' lang='lat' dir='ltr'>post</span> <span class='ocrx_word' id='word_1_15' title='bbox 1867 308 1983 355; x_wconf 38' lang='lat' dir='ltr'>²²²3sp</span> <span class='ocrx_word' id='word_1_16' title='bbox 1998 334 2005 348; x_wconf 86' lang='lat'>‚</span> 
     </span>
     <span class='ocr_line' id='line_1_3' title="bbox 344 367 2006 414; baseline 0.002 -13"><span class='ocrx_word' id='word_1_17' title='bbox 344 376 378 401; x_wconf 90' lang='lat' dir='ltr'>ut</span> <span class='ocrx_word' id='word_1_18' title='bbox 399 370 459 401; x_wconf 78' lang='lat' dir='ltr'>dixi</span> <span class='ocrx_word' id='word_1_19' title='bbox 482 368 608 399; x_wconf 82' lang='lat' dir='ltr'><strong>v01.11.</strong></span> <span class='ocrx_word' id='word_1_20' title='bbox 632 379 663 410; x_wconf 91' lang='lat' dir='ltr'>p.</span> <span class='ocrx_word' id='word_1_21' title='bbox 686 368 760 399; x_wconf 89' lang='lat'><strong>261.</strong></span> <span class='ocrx_word' id='word_1_22' title='bbox 809 367 915 399; x_wconf 82' lang='lat' dir='ltr'><strong>Exstat</strong></span> <span class='ocrx_word' id='word_1_23' title='bbox 941 367 993 399; x_wconf 87' lang='lat' dir='ltr'>hio</span> <span class='ocrx_word' id='word_1_24' title='bbox 1017 367 1104 400; x_wconf 85' lang='lat' dir='ltr'>locus</span> <span class='ocrx_word' id='word_1_25' title='bbox 1126 370 1158 401; x_wconf 86' lang='lat' dir='ltr'>in</span> <span class='ocrx_word' id='word_1_26' title='bbox 1182 369 1329 404; x_wconf 87' lang='lat' dir='ltr'>Dieterici</span> <span class='ocrx_word' id='word_1_27' title='bbox 1353 370 1491 403; x_wconf 81' lang='lat' dir='ltr'>editione</span> <span class='ocrx_word' id='word_1_28' title='bbox 1515 383 1547 414; x_wconf 91' lang='lat' dir='ltr'>p.</span> <span class='ocrx_word' id='word_1_29' title='bbox 1570 376 1638 405; x_wconf 73' lang='lat' dir='ltr'>0‘tv.</span> <span class='ocrx_word' id='word_1_30' title='bbox 1687 373 1760 405; x_wconf 86' lang='lat' dir='ltr'>Tres</span> <span class='ocrx_word' id='word_1_31' title='bbox 1783 374 1885 406; x_wconf 90' lang='lat' dir='ltr'>ultimi</span> <span class='ocrx_word' id='word_1_32' title='bbox 1902 377 2006 407; x_wconf 71' lang='lat' dir='ltr'>versns</span> 
     </span>
     <span class='ocr_line' id='line_1_4' title="bbox 344 423 2011 468; baseline -0.007 0"><span class='ocrx_word' id='word_1_33' title='bbox 344 438 435 468; x_wconf 90' lang='lat' dir='ltr'>huius</span> <span class='ocrx_word' id='word_1_34' title='bbox 460 441 563 466; x_wconf 84' lang='lat' dir='ltr'>annot.</span> <span class='ocrx_word' id='word_1_35' title='bbox 587 434 764 466; x_wconf 81' lang='lat' dir='ltr'>deleantur.</span> <span class='ocrx_word' id='word_1_36' title='bbox 2008 423 2011 425; x_wconf 57' lang='grc'><strong><em>’</em></strong></span> 
     </span>
    </p>

    <p class='ocr_par' dir='ltr' id='par_1_3' title="bbox 387 502 1893 548">
     <span class='ocr_line' id='line_1_5' title="bbox 387 502 1893 548; baseline 0.004 -16"><span class='ocrx_word' id='word_1_37' title='bbox 387 522 428 525; x_wconf 86' lang='grc'>--</span> <span class='ocrx_word' id='word_1_38' title='bbox 444 527 451 540; x_wconf 91' lang='grc'><strong>,</strong></span> <span class='ocrx_word' id='word_1_39' title='bbox 477 513 519 533; x_wconf 83' lang='lat' dir='ltr'>vs.</span> <span class='ocrx_word' id='word_1_40' title='bbox 547 504 577 533; x_wconf 88' lang='lat'>7.</span> <span class='ocrx_word' id='word_1_41' title='bbox 626 502 730 545; x_wconf 84' lang='lat' dir='ltr'><strong>Lege:</strong></span> <span class='ocrx_word' id='word_1_42' title='bbox 758 502 810 534; x_wconf 90' lang='lat' dir='ltr'>sed</span> <span class='ocrx_word' id='word_1_43' title='bbox 830 502 937 545; x_wconf 81' lang='lat' dir='ltr'>lingua</span> <span class='ocrx_word' id='word_1_44' title='bbox 957 503 1022 534; x_wconf 86' lang='lat' dir='ltr'>eius</span> <span class='ocrx_word' id='word_1_45' title='bbox 1039 503 1271 546; x_wconf 70' lang='lat' dir='ltr'>lachrymarum</span> <span class='ocrx_word' id='word_1_46' title='bbox 1286 530 1293 543; x_wconf 94' lang='lat'><strong><em>,</em></strong></span> <span class='ocrx_word' id='word_1_47' title='bbox 1321 517 1513 548; x_wconf 83' lang='lat' dir='ltr'>quamquam</span> <span class='ocrx_word' id='word_1_48' title='bbox 1538 505 1682 544; x_wconf 87' lang='lat' dir='ltr'>nolebat,</span> <span class='ocrx_word' id='word_1_49' title='bbox 1709 506 1813 539; x_wconf 85' lang='lat' dir='ltr'>locuta</span> <span class='ocrx_word' id='word_1_50' title='bbox 1837 514 1893 538; x_wconf 84' lang='lat' dir='ltr'>est.</span> 
     </span>
    </p>

    <p class='ocr_par' dir='ltr' id='par_1_4' title="bbox 388 568 1102 614">
     <span class='ocr_line' id='line_1_6' title="bbox 388 568 1102 614; baseline 0.007 -15"><span class='ocrx_word' id='word_1_51' title='bbox 388 570 458 611; x_wconf 81' lang='lat' dir='ltr'>Pag.</span> <span class='ocrx_word' id='word_1_52' title='bbox 482 570 569 607; x_wconf 85' lang='lat'>329,</span> <span class='ocrx_word' id='word_1_53' title='bbox 595 580 636 600; x_wconf 90' lang='lat' dir='ltr'>vs.</span> <span class='ocrx_word' id='word_1_54' title='bbox 660 570 689 601; x_wconf 94' lang='lat' dir='ltr'>l.</span> <span class='ocrx_word' id='word_1_55' title='bbox 741 568 788 601; x_wconf 89' lang='lat' dir='ltr'>Cf.</span> <span class='ocrx_word' id='word_1_56' title='bbox 811 569 879 601; x_wconf 85' lang='lat' dir='ltr'>Vol.</span> <span class='ocrx_word' id='word_1_57' title='bbox 902 570 944 602; x_wconf 89' lang='grc' dir='ltr'>ΙΙ.</span> <span class='ocrx_word' id='word_1_58' title='bbox 970 583 1002 614; x_wconf 90' lang='lat' dir='ltr'>p.</span> <span class='ocrx_word' id='word_1_59' title='bbox 1026 573 1102 604; x_wconf 88' lang='grc'><strong>261.</strong></span> 
     </span>
    </p>

    <p class='ocr_par' dir='ltr' id='par_1_5' title="bbox 345 638 2006 735">
     <span class='ocr_line' id='line_1_7' title="bbox 384 638 2006 684; baseline 0.004 -18"><span class='ocrx_word' id='word_1_60' title='bbox 384 654 445 672; x_wconf 89' lang='lat'>—-‚</span> <span class='ocrx_word' id='word_1_61' title='bbox 470 647 511 667; x_wconf 87' lang='lat' dir='ltr'>vs.</span> <span class='ocrx_word' id='word_1_62' title='bbox 534 638 619 667; x_wconf 82' lang='lat'>5—8</span> <span class='ocrx_word' id='word_1_63' title='bbox 635 661 643 674; x_wconf 85' lang='lat'>‚</span> <span class='ocrx_word' id='word_1_64' title='bbox 670 643 700 668; x_wconf 89' lang='lat' dir='ltr'>et</span> <span class='ocrx_word' id='word_1_65' title='bbox 721 648 792 669; x_wconf 90' lang='lat' dir='ltr'>ann.</span> <span class='ocrx_word' id='word_1_66' title='bbox 814 640 866 669; x_wconf 87' lang='lat'>22.</span> <span class='ocrx_word' id='word_1_67' title='bbox 927 639 1035 671; x_wconf 70' lang='lat' dir='ltr'>Deleta</span> <span class='ocrx_word' id='word_1_68' title='bbox 1059 640 1119 671; x_wconf 80' lang='lat' dir='ltr'>hac</span> <span class='ocrx_word' id='word_1_69' title='bbox 1143 640 1342 671; x_wconf 78' lang='lat' dir='ltr'>annotatione</span> <span class='ocrx_word' id='word_1_70' title='bbox 1358 665 1366 678; x_wconf 90' lang='lat'><strong>,</strong></span> <span class='ocrx_word' id='word_1_71' title='bbox 1402 641 1520 684; x_wconf 86' lang='lat' dir='ltr'>primus</span> <span class='ocrx_word' id='word_1_72' title='bbox 1545 651 1649 671; x_wconf 84' lang='lat' dir='ltr'>versus</span> <span class='ocrx_word' id='word_1_73' title='bbox 1681 641 1726 672; x_wconf 85' lang='lat' dir='ltr'>sic</span> <span class='ocrx_word' id='word_1_74' title='bbox 1749 640 1915 673; x_wconf 83' lang='lat' dir='ltr'>vertendus</span> <span class='ocrx_word' id='word_1_75' title='bbox 1940 647 2006 678; x_wconf 81' lang='lat' dir='ltr'>est,</span> 
     </span>
     <span class='ocr_line' id='line_1_8' title="bbox 345 704 714 735; baseline 0.005 -2"><span class='ocrx_word' id='word_1_76' title='bbox 345 710 492 735; x_wconf 86' lang='lat' dir='ltr'>monente</span> <span class='ocrx_word' id='word_1_77' title='bbox 513 704 537 734; x_wconf 84' lang='lat' dir='ltr'><strong>F</strong></span> <span class='ocrx_word' id='word_1_78' title='bbox 540 704 691 735; x_wconf 86' lang='lat' dir='ltr'>leischero</span> <span class='ocrx_word' id='word_1_79' title='bbox 708 717 714 735; x_wconf 74' lang='grc' dir='ltr'><strong><em>ι</em></strong></span> 
     </span>
    </p>

    <p class='ocr_par' dir='ltr' id='par_1_6' title="bbox 432 774 2005 888">
     <span class='ocr_line' id='line_1_9' title="bbox 432 774 2005 822; baseline 0.004 -18"><span class='ocrx_word' id='word_1_80' title='bbox 432 774 471 805; x_wconf 82' lang='lat' dir='ltr'>Et</span> <span class='ocrx_word' id='word_1_81' title='bbox 489 774 657 817; x_wconf 84' lang='lat' dir='ltr'>pulchrum</span> <span class='ocrx_word' id='word_1_82' title='bbox 678 774 823 813; x_wconf 84' lang='lat' dir='ltr'>hortum,</span> <span class='ocrx_word' id='word_1_83' title='bbox 850 787 885 808; x_wconf 80' lang='lat' dir='ltr'>ex</span> <span class='ocrx_word' id='word_1_84' title='bbox 910 787 972 819; x_wconf 91' lang='lat' dir='ltr'>quo</span> <span class='ocrx_word' id='word_1_85' title='bbox 992 776 1112 808; x_wconf 63' lang='lat' dir='ltr'>fructas</span> <span class='ocrx_word' id='word_1_86' title='bbox 1139 777 1292 820; x_wconf 78' lang='lat' dir='ltr'><strong>decerpo,</strong></span> <span class='ocrx_word' id='word_1_87' title='bbox 1329 783 1358 808; x_wconf 91' lang='lat' dir='ltr'>et</span> <span class='ocrx_word' id='word_1_88' title='bbox 1384 777 1618 819; x_wconf 82' lang='lat' dir='ltr'>refrigerantem</span> <span class='ocrx_word' id='word_1_89' title='bbox 1642 778 1790 810; x_wconf 88' lang='lat' dir='ltr'>iniuriam</span> <span class='ocrx_word' id='word_1_90' title='bbox 1806 803 1814 817; x_wconf 87' lang='lat'><em>‚</em></span> <span class='ocrx_word' id='word_1_91' title='bbox 1842 780 1928 810; x_wconf 82' lang='lat' dir='ltr'>cuius</span> <span class='ocrx_word' id='word_1_92' title='bbox 1953 791 2005 822; x_wconf 91' lang='lat' dir='ltr'>po-</span> 
     </span>
     <span class='ocr_line' id='line_1_10' title="bbox 478 845 1174 888; baseline 0.006 -13"><span class='ocrx_word' id='word_1_93' title='bbox 478 846 528 875; x_wconf 71' lang='lat' dir='ltr'>tfis</span> <span class='ocrx_word' id='word_1_94' title='bbox 553 845 630 876; x_wconf 87' lang='lat' dir='ltr'>mihi</span> <span class='ocrx_word' id='word_1_95' title='bbox 654 857 818 888; x_wconf 88' lang='lat' dir='ltr'>nunquam</span> <span class='ocrx_word' id='word_1_96' title='bbox 841 847 1001 878; x_wconf 88' lang='lat' dir='ltr'>interdicti</span> <span class='ocrx_word' id='word_1_97' title='bbox 1021 848 1174 879; x_wconf 81' lang='lat' dir='ltr'>suerunt?</span> 
     </span>
    </p>
   </div>
   <div class='ocr_carea' id='block_1_3' title="bbox 382 899 2003 966">
    <p class='ocr_par' dir='ltr' id='par_1_7' title="bbox 382 899 2003 966">
     <span class='ocr_line' id='line_1_11' title="bbox 382 899 2003 966; baseline 0.002 -20"><span class='ocrx_word' id='word_1_98' title='bbox 382 914 463 964; x_wconf 50' lang='lat'>5⁸²5*</span> <span class='ocrx_word' id='word_1_99' title='bbox 491 931 540 964; x_wconf 66' lang='lat'>0⁶³</span> <span class='ocrx_word' id='word_1_100' title='bbox 568 899 626 966; x_wconf 48' lang='lat' dir='ltr'>{Li</span> <span class='ocrx_word' id='word_1_101' title='bbox 651 918 682 948; x_wconf 91' lang='lat' dir='ltr'>in</span> <span class='ocrx_word' id='word_1_102' title='bbox 703 918 883 950; x_wconf 83' lang='lat' dir='ltr'>memoriam</span> <span class='ocrx_word' id='word_1_103' title='bbox 909 925 1051 956; x_wconf 86' lang='lat' dir='ltr'>revocat,</span> <span class='ocrx_word' id='word_1_104' title='bbox 1076 924 1111 950; x_wconf 87' lang='lat' dir='ltr'>ut</span> <span class='ocrx_word' id='word_1_105' title='bbox 1130 918 1346 950; x_wconf 85' lang='lat' dir='ltr'>animadvertit</span> <span class='ocrx_word' id='word_1_106' title='bbox 1371 917 1414 949; x_wconf 86' lang='lat' dir='ltr'>Cl.</span> <span class='ocrx_word' id='word_1_107' title='bbox 1435 918 1613 957; x_wconf 82' lang='lat' dir='ltr'>Fleischer,</span> <span class='ocrx_word' id='word_1_108' title='bbox 1640 919 1758 961; x_wconf 52' lang='lat' dir='ltr'>Parnyz*</span> <span class='ocrx_word' id='word_1_109' title='bbox 1777 926 1885 951; x_wconf 90' lang='lat' dir='ltr'>notum</span> <span class='ocrx_word' id='word_1_110' title='bbox 1907 920 2003 950; x_wconf 85' lang='lat' dir='ltr'>illud:</span> 
     </span>
    </p>
   </div>
   <div class='ocr_carea' id='block_1_4' title="bbox 343 997 753 1040">
    <p class='ocr_par' dir='ltr' id='par_1_8' title="bbox 343 997 753 1040">
     <span class='ocr_line' id='line_1_12' title="bbox 343 997 753 1040; baseline 0.005 -12"><span class='ocrx_word' id='word_1_111' title='bbox 343 1009 376 1028; x_wconf 79' lang='lat' dir='ltr'>ce</span> <span class='ocrx_word' id='word_1_112' title='bbox 401 997 501 1040; x_wconf 73' lang='lat' dir='ltr'>peche</span> <span class='ocrx_word' id='word_1_113' title='bbox 530 999 554 1028; x_wconf 92' lang='lat' dir='ltr'>si</span> <span class='ocrx_word' id='word_1_114' title='bbox 579 998 753 1030; x_wconf 80' lang='lat' dir='ltr'>charmant.</span> 
     </span>
    </p>
   </div>
   <div class='ocr_carea' id='block_1_5' title="bbox 388 1058 1592 1113">
    <p class='ocr_par' dir='ltr' id='par_1_9' title="bbox 388 1058 1592 1113">
     <span class='ocr_line' id='line_1_13' title="bbox 388 1058 1592 1113; baseline 0.001 -14"><span class='ocrx_word' id='word_1_115' title='bbox 388 1068 475 1101; x_wconf 81' lang='lat' dir='ltr'>Alter</span> <span class='ocrx_word' id='word_1_116' title='bbox 492 1069 599 1112; x_wconf 88' lang='lat' dir='ltr'>itaque</span> <span class='ocrx_word' id='word_1_117' title='bbox 624 1081 747 1108; x_wconf 85' lang='lat' dir='ltr'>versus,</span> <span class='ocrx_word' id='word_1_118' title='bbox 772 1070 803 1101; x_wconf 91' lang='lat' dir='ltr'>in</span> <span class='ocrx_word' id='word_1_119' title='bbox 824 1081 886 1113; x_wconf 87' lang='lat' dir='ltr'>quo</span> <span class='ocrx_word' id='word_1_120' title='bbox 907 1069 1176 1113; x_wconf 87' lang='lat' dir='ltr'>pronuntiandum</span> <span class='ocrx_word' id='word_1_121' title='bbox 1205 1076 1250 1102; x_wconf 89' lang='lat' dir='ltr'>est</span> <span class='ocrx_word' id='word_1_122' title='bbox 1276 1058 1319 1101; x_wconf 69' lang='lat'>535</span> <span class='ocrx_word' id='word_1_123' title='bbox 1336 1093 1344 1107; x_wconf 87' lang='lat'><strong><em>,</em></strong></span> <span class='ocrx_word' id='word_1_124' title='bbox 1370 1069 1413 1101; x_wconf 84' lang='lat' dir='ltr'>sic</span> <span class='ocrx_word' id='word_1_125' title='bbox 1433 1076 1592 1102; x_wconf 82' lang='lat' dir='ltr'>vertatur:</span> 
     </span>
    </p>
   </div>
   <div class='ocr_carea' id='block_1_6' title="bbox 1311 1122 1326 1131">
    <p class='ocr_par' dir='ltr' id='par_1_10' title="bbox 1311 1122 1326 1131">
     <span class='ocr_line' id='line_1_14' title="bbox 1311 1122 1326 1131; baseline 0 0"><span class='ocrx_word' id='word_1_126' title='bbox 1311 1122 1326 1131; x_wconf 64' lang='grc' dir='ltr'>,ε</span> 
     </span>
    </p>
   </div>
   <div class='ocr_carea' id='block_1_7' title="bbox 343 1131 2006 1733">
    <p class='ocr_par' dir='ltr' id='par_1_11' title="bbox 343 1131 2006 1733">
     <span class='ocr_line' id='line_1_15' title="bbox 388 1131 1982 1194; baseline 0.001 -15"><span class='ocrx_word' id='word_1_127' title='bbox 388 1148 477 1189; x_wconf 79' lang='lat' dir='ltr'>Quod</span> <span class='ocrx_word' id='word_1_128' title='bbox 502 1150 526 1180; x_wconf 90' lang='lat' dir='ltr'>si</span> <span class='ocrx_word' id='word_1_129' title='bbox 546 1149 588 1181; x_wconf 87' lang='lat' dir='ltr'>ita</span> <span class='ocrx_word' id='word_1_130' title='bbox 608 1157 674 1189; x_wconf 86' lang='lat' dir='ltr'>est,</span> <span class='ocrx_word' id='word_1_131' title='bbox 699 1157 802 1182; x_wconf 81' lang='lat' dir='ltr'>careat</span> <span class='ocrx_word' id='word_1_132' title='bbox 824 1161 935 1181; x_wconf 85' lang='lat' dir='ltr'>manus</span> <span class='ocrx_word' id='word_1_133' title='bbox 959 1162 1028 1182; x_wconf 89' lang='lat' dir='ltr'>mea</span> <span class='ocrx_word' id='word_1_134' title='bbox 1052 1150 1133 1182; x_wconf 90' lang='lat' dir='ltr'>dono</span> <span class='ocrx_word' id='word_1_135' title='bbox 1159 1150 1242 1194; x_wconf 87' lang='lat' dir='ltr'>quod</span> <span class='ocrx_word' id='word_1_136' title='bbox 1263 1131 1381 1194; x_wconf 70' lang='lat' dir='ltr'>petenti</span> <span class='ocrx_word' id='word_1_137' title='bbox 1399 1149 1474 1188; x_wconf 84' lang='lat' dir='ltr'>det,</span> <span class='ocrx_word' id='word_1_138' title='bbox 1501 1156 1554 1182; x_wconf 83' lang='lat' dir='ltr'>aut</span> <span class='ocrx_word' id='word_1_139' title='bbox 1575 1150 1663 1183; x_wconf 88' lang='lat' dir='ltr'>hoste</span> <span class='ocrx_word' id='word_1_140' title='bbox 1683 1162 1819 1194; x_wconf 88' lang='lat' dir='ltr'>quocum</span> <span class='ocrx_word' id='word_1_141' title='bbox 1844 1153 1982 1194; x_wconf 83' lang='lat' dir='ltr'>pugnet!</span> 
     </span>
     <span class='ocr_line' id='line_1_16' title="bbox 386 1217 1096 1261; baseline 0.004 -14"><span class='ocrx_word' id='word_1_142' title='bbox 386 1234 452 1254; x_wconf 90' lang='lat'>—,</span> <span class='ocrx_word' id='word_1_143' title='bbox 478 1228 522 1248; x_wconf 82' lang='lat' dir='ltr'>vs,</span> <span class='ocrx_word' id='word_1_144' title='bbox 553 1219 693 1249; x_wconf 85' lang='lat'><strong>13-16.</strong></span> <span class='ocrx_word' id='word_1_145' title='bbox 743 1217 793 1251; x_wconf 84' lang='lat' dir='ltr'>Cf.</span> <span class='ocrx_word' id='word_1_146' title='bbox 820 1217 890 1249; x_wconf 92' lang='lat' dir='ltr'>Vol.</span> <span class='ocrx_word' id='word_1_147' title='bbox 916 1218 940 1250; x_wconf 89' lang='lat' dir='ltr'>I.</span> <span class='ocrx_word' id='word_1_148' title='bbox 962 1230 993 1261; x_wconf 89' lang='lat' dir='ltr'>p.</span> <span class='ocrx_word' id='word_1_149' title='bbox 1021 1220 1096 1250; x_wconf 84' lang='lat'><strong>430.</strong></span> 
     </span>
     <span class='ocr_line' id='line_1_17' title="bbox 386 1285 1304 1329; baseline 0 -14"><span class='ocrx_word' id='word_1_150' title='bbox 386 1303 428 1309; x_wconf 50' lang='grc' dir='ltr'>ν-</span> <span class='ocrx_word' id='word_1_151' title='bbox 443 1310 451 1321; x_wconf 91' lang='grc'><strong>,</strong></span> <span class='ocrx_word' id='word_1_152' title='bbox 477 1296 518 1316; x_wconf 83' lang='lat' dir='ltr'>vs.</span> <span class='ocrx_word' id='word_1_153' title='bbox 545 1287 563 1316; x_wconf 90' lang='lat'><strong>2</strong></span> <span class='ocrx_word' id='word_1_154' title='bbox 588 1296 605 1316; x_wconf 82' lang='lat' dir='ltr'>a</span> <span class='ocrx_word' id='word_1_155' title='bbox 621 1285 642 1316; x_wconf 90' lang='lat' dir='ltr'>f.</span> <span class='ocrx_word' id='word_1_156' title='bbox 691 1285 750 1316; x_wconf 88' lang='lat' dir='ltr'>Pro</span> <span class='ocrx_word' id='word_1_157' title='bbox 774 1290 915 1317; x_wconf 79' lang='lat' dir='ltr'>mortem</span> <span class='ocrx_word' id='word_1_158' title='bbox 937 1286 983 1318; x_wconf 90' lang='lat' dir='ltr'>bis</span> <span class='ocrx_word' id='word_1_159' title='bbox 1008 1286 1076 1329; x_wconf 73' lang='lat' dir='ltr'>lege</span> <span class='ocrx_word' id='word_1_160' title='bbox 1098 1286 1304 1317; x_wconf 72' lang='lat' dir='ltr'>absentiam.</span> 
     </span>
     <span class='ocr_line' id='line_1_18' title="bbox 388 1352 917 1396; baseline 0.006 -14"><span class='ocrx_word' id='word_1_161' title='bbox 388 1352 461 1395; x_wconf 80' lang='lat' dir='ltr'>Pag.</span> <span class='ocrx_word' id='word_1_162' title='bbox 481 1354 565 1390; x_wconf 87' lang='grc'><strong>330,</strong></span> <span class='ocrx_word' id='word_1_163' title='bbox 594 1364 636 1384; x_wconf 83' lang='lat' dir='ltr'>vs.</span> <span class='ocrx_word' id='word_1_164' title='bbox 660 1354 699 1384; x_wconf 89' lang='lat'>12</span> <span class='ocrx_word' id='word_1_165' title='bbox 718 1365 764 1396; x_wconf 84' lang='lat' dir='ltr'>sq.</span> <span class='ocrx_word' id='word_1_166' title='bbox 814 1354 917 1396; x_wconf 78' lang='lat' dir='ltr'>Lege:</span> 
     </span>
     <span class='ocr_line' id='line_1_19' title="bbox 432 1419 2004 1464; baseline 0.001 -14"><span class='ocrx_word' id='word_1_167' title='bbox 432 1419 596 1457; x_wconf 82' lang='lat' dir='ltr'>Iuvenem‚</span> <span class='ocrx_word' id='word_1_168' title='bbox 621 1420 763 1452; x_wconf 83' lang='lat' dir='ltr'>dorcadis</span> <span class='ocrx_word' id='word_1_169' title='bbox 786 1421 873 1464; x_wconf 84' lang='lat' dir='ltr'>pullo</span> <span class='ocrx_word' id='word_1_170' title='bbox 898 1420 1030 1452; x_wconf 87' lang='lat' dir='ltr'>similem</span> <span class='ocrx_word' id='word_1_171' title='bbox 1046 1444 1054 1458; x_wconf 92' lang='lat'>,</span> <span class='ocrx_word' id='word_1_172' title='bbox 1080 1420 1168 1452; x_wconf 85' lang='lat' dir='ltr'>cuius</span> <span class='ocrx_word' id='word_1_173' title='bbox 1188 1431 1267 1463; x_wconf 80' lang='lat' dir='ltr'>gena</span> <span class='ocrx_word' id='word_1_174' title='bbox 1291 1431 1360 1452; x_wconf 85' lang='lat' dir='ltr'>mea</span> <span class='ocrx_word' id='word_1_175' title='bbox 1385 1425 1430 1451; x_wconf 88' lang='lat' dir='ltr'>est</span> <span class='ocrx_word' id='word_1_176' title='bbox 1455 1430 1523 1451; x_wconf 85' lang='lat' dir='ltr'>rosa</span> <span class='ocrx_word' id='word_1_177' title='bbox 1549 1420 1700 1463; x_wconf 84' lang='lat' dir='ltr'>cuiusque</span> <span class='ocrx_word' id='word_1_178' title='bbox 1732 1420 1815 1451; x_wconf 87' lang='lat' dir='ltr'>oculi</span> <span class='ocrx_word' id='word_1_179' title='bbox 1848 1422 1910 1452; x_wconf 88' lang='lat' dir='ltr'>mei</span> <span class='ocrx_word' id='word_1_180' title='bbox 1934 1428 2004 1452; x_wconf 87' lang='lat' dir='ltr'>sunt</span> 
     </span>
     <span class='ocr_line' id='line_1_20' title="bbox 479 1488 632 1526; baseline 0.007 -9"><span class='ocrx_word' id='word_1_181' title='bbox 479 1488 608 1518; x_wconf 83' lang='lat' dir='ltr'>narcissi</span> <span class='ocrx_word' id='word_1_182' title='bbox 624 1499 632 1526; x_wconf 91' lang='lat'>;</span> 
     </span>
     <span class='ocr_line' id='line_1_21' title="bbox 433 1553 1805 1598; baseline 0.001 -13"><span class='ocrx_word' id='word_1_183' title='bbox 433 1553 466 1586; x_wconf 92' lang='lat' dir='ltr'>Si</span> <span class='ocrx_word' id='word_1_184' title='bbox 486 1554 656 1586; x_wconf 81' lang='lat' dir='ltr'>liberaliter</span> <span class='ocrx_word' id='word_1_185' title='bbox 677 1555 755 1586; x_wconf 89' lang='lat' dir='ltr'>mihi</span> <span class='ocrx_word' id='word_1_186' title='bbox 778 1555 907 1598; x_wconf 87' lang='lat' dir='ltr'>praebet</span> <span class='ocrx_word' id='word_1_187' title='bbox 930 1556 1039 1587; x_wconf 78' lang='lat' dir='ltr'>vinum</span> <span class='ocrx_word' id='word_1_188' title='bbox 1062 1555 1128 1585; x_wconf 89' lang='lat' dir='ltr'>eius</span> <span class='ocrx_word' id='word_1_189' title='bbox 1151 1555 1230 1592; x_wconf 89' lang='lat' dir='ltr'>oris,</span> <span class='ocrx_word' id='word_1_190' title='bbox 1256 1554 1412 1597; x_wconf 81' lang='lat' dir='ltr'>perfectus</span> <span class='ocrx_word' id='word_1_191' title='bbox 1436 1554 1495 1585; x_wconf 91' lang='lat' dir='ltr'>erit</span> <span class='ocrx_word' id='word_1_192' title='bbox 1519 1565 1607 1585; x_wconf 86' lang='lat' dir='ltr'>meus</span> <span class='ocrx_word' id='word_1_193' title='bbox 1631 1565 1805 1587; x_wconf 85' lang='lat' dir='ltr'>concessus.</span> 
     </span>
     <span class='ocr_line' id='line_1_22' title="bbox 389 1620 2006 1676; baseline 0 -23"><span class='ocrx_word' id='word_1_194' title='bbox 389 1640 453 1659; x_wconf 84' lang='lat'>—,</span> <span class='ocrx_word' id='word_1_195' title='bbox 478 1633 552 1654; x_wconf 85' lang='lat' dir='ltr'>ann.</span> <span class='ocrx_word' id='word_1_196' title='bbox 575 1624 629 1653; x_wconf 84' lang='lat'>34.</span> <span class='ocrx_word' id='word_1_197' title='bbox 685 1622 791 1653; x_wconf 91' lang='lat' dir='ltr'>Potius</span> <span class='ocrx_word' id='word_1_198' title='bbox 816 1622 908 1654; x_wconf 85' lang='lat' dir='ltr'>credo</span> <span class='ocrx_word' id='word_1_199' title='bbox 932 1622 988 1653; x_wconf 91' lang='lat' dir='ltr'>hos</span> <span class='ocrx_word' id='word_1_200' title='bbox 1014 1623 1119 1653; x_wconf 70' lang='lat' dir='ltr'>verssis</span> <span class='ocrx_word' id='word_1_201' title='bbox 1150 1620 1187 1651; x_wconf 85' lang='lat' dir='ltr'>ad</span> <span class='ocrx_word' id='word_1_202' title='bbox 1218 1626 1354 1652; x_wconf 90' lang='lat' dir='ltr'>metrum</span> <span class='ocrx_word' id='word_1_203' title='bbox 1378 1621 1513 1676; x_wconf 48' lang='lat' dir='ltr'>zstffll</span> <span class='ocrx_word' id='word_1_204' title='bbox 1545 1623 1720 1666; x_wconf 87' lang='lat' dir='ltr'>pertinere,</span> <span class='ocrx_word' id='word_1_205' title='bbox 1750 1623 1793 1654; x_wconf 87' lang='lat' dir='ltr'>ita</span> <span class='ocrx_word' id='word_1_206' title='bbox 1817 1628 1851 1653; x_wconf 88' lang='lat' dir='ltr'>nt</span> <span class='ocrx_word' id='word_1_207' title='bbox 1879 1622 2006 1654; x_wconf 79' lang='lat' dir='ltr'>ultimus</span> 
     </span>
     <span class='ocr_line' id='line_1_23' title="bbox 343 1688 2003 1733; baseline -0.001 -11"><span class='ocrx_word' id='word_1_208' title='bbox 343 1702 395 1733; x_wconf 87' lang='lat' dir='ltr'>pes</span> <span class='ocrx_word' id='word_1_209' title='bbox 415 1691 452 1721; x_wconf 85' lang='lat' dir='ltr'>sit</span> <span class='ocrx_word' id='word_1_210' title='bbox 476 1688 628 1732; x_wconf 81' lang='lat' dir='ltr'>spondeus</span> <span class='ocrx_word' id='word_1_211' title='bbox 644 1713 652 1726; x_wconf 95' lang='lat'><strong><em>,</em></strong></span> <span class='ocrx_word' id='word_1_212' title='bbox 679 1690 733 1731; x_wconf 86' lang='lat' dir='ltr'>qui</span> <span class='ocrx_word' id='word_1_213' title='bbox 764 1690 858 1720; x_wconf 85' lang='lat' dir='ltr'>etiam</span> <span class='ocrx_word' id='word_1_214' title='bbox 890 1688 994 1720; x_wconf 84' lang='lat' dir='ltr'>locum</span> <span class='ocrx_word' id='word_1_215' title='bbox 1019 1689 1140 1720; x_wconf 89' lang='lat' dir='ltr'>obtinet</span> <span class='ocrx_word' id='word_1_216' title='bbox 1168 1690 1200 1720; x_wconf 92' lang='lat' dir='ltr'>in</span> <span class='ocrx_word' id='word_1_217' title='bbox 1225 1690 1363 1721; x_wconf 86' lang='lat' dir='ltr'>carmine</span> <span class='ocrx_word' id='word_1_218' title='bbox 1387 1701 1419 1733; x_wconf 93' lang='lat' dir='ltr'>p.</span> <span class='ocrx_word' id='word_1_219' title='bbox 1443 1691 1528 1727; x_wconf 86' lang='lat'>299,</span> <span class='ocrx_word' id='word_1_220' title='bbox 1554 1701 1598 1721; x_wconf 82' lang='lat' dir='ltr'>vs.</span> <span class='ocrx_word' id='word_1_221' title='bbox 1620 1691 1640 1721; x_wconf 90' lang='lat'>6</span> <span class='ocrx_word' id='word_1_222' title='bbox 1658 1701 1675 1720; x_wconf 81' lang='lat' dir='ltr'>a</span> <span class='ocrx_word' id='word_1_223' title='bbox 1698 1689 1719 1720; x_wconf 91' lang='lat' dir='ltr'>f.</span> <span class='ocrx_word' id='word_1_224' title='bbox 1739 1700 1807 1732; x_wconf 83' lang='lat' dir='ltr'><strong>sqq.</strong></span> <span class='ocrx_word' id='word_1_225' title='bbox 1862 1689 2003 1721; x_wconf 78' lang='lat' dir='ltr'>Alterum</span> 
     </span>
    </p>
   </div>
   <div class='ocr_carea' id='block_1_8' title="bbox 345 1755 2003 1800">
    <p class='ocr_par' dir='ltr' id='par_1_12' title="bbox 345 1755 2003 1800">
     <span class='ocr_line' id='line_1_24' title="bbox 345 1755 2003 1800; baseline 0 -12"><span class='ocrx_word' id='word_1_226' title='bbox 345 1757 421 1788; x_wconf 90' lang='lat' dir='ltr'>illud</span> <span class='ocrx_word' id='word_1_227' title='bbox 447 1767 592 1794; x_wconf 82' lang='lat' dir='ltr'>carmen,</span> <span class='ocrx_word' id='word_1_228' title='bbox 615 1755 698 1798; x_wconf 90' lang='lat' dir='ltr'>quod</span> <span class='ocrx_word' id='word_1_229' title='bbox 722 1757 754 1787; x_wconf 91' lang='lat' dir='ltr'>in</span> <span class='ocrx_word' id='word_1_230' title='bbox 775 1762 882 1787; x_wconf 85' lang='lat' dir='ltr'>annot.</span> <span class='ocrx_word' id='word_1_231' title='bbox 909 1755 1149 1787; x_wconf 83' lang='lat' dir='ltr'>commemoravi</span> <span class='ocrx_word' id='word_1_232' title='bbox 1174 1755 1321 1799; x_wconf 82' lang='lat' dir='ltr'>quodque</span> <span class='ocrx_word' id='word_1_233' title='bbox 1345 1762 1442 1788; x_wconf 80' lang='lat' dir='ltr'>exstat</span> <span class='ocrx_word' id='word_1_234' title='bbox 1465 1757 1497 1787; x_wconf 91' lang='lat' dir='ltr'>in</span> <span class='ocrx_word' id='word_1_235' title='bbox 1526 1757 1588 1789; x_wconf 91' lang='lat' dir='ltr'>mei</span> <span class='ocrx_word' id='word_1_236' title='bbox 1618 1756 1690 1788; x_wconf 91' lang='lat' dir='ltr'>libri</span> <span class='ocrx_word' id='word_1_237' title='bbox 1714 1755 1783 1790; x_wconf 91' lang='lat' dir='ltr'>Vol.</span> <span class='ocrx_word' id='word_1_238' title='bbox 1804 1756 1828 1788; x_wconf 91' lang='lat'>1.</span> <span class='ocrx_word' id='word_1_239' title='bbox 1866 1768 1896 1800; x_wconf 89' lang='lat' dir='ltr'>p.</span> <span class='ocrx_word' id='word_1_240' title='bbox 1916 1759 1980 1789; x_wconf 87' lang='grc'>390</span> <span class='ocrx_word' id='word_1_241' title='bbox 1996 1782 2003 1794; x_wconf 90' lang='grc'><strong>,</strong></span> 
     </span>
    </p>
   </div>
   <div class='ocr_carea' id='block_1_9' title="bbox 343 1817 1125 1871">
    <p class='ocr_par' dir='ltr' id='par_1_13' title="bbox 343 1817 1125 1871">
     <span class='ocr_line' id='line_1_25' title="bbox 343 1817 1125 1871; baseline -0.001 -12"><span class='ocrx_word' id='word_1_242' title='bbox 343 1840 382 1860; x_wconf 85' lang='lat' dir='ltr'>vs.</span> <span class='ocrx_word' id='word_1_243' title='bbox 409 1829 448 1859; x_wconf 92' lang='lat'>10</span> <span class='ocrx_word' id='word_1_244' title='bbox 467 1839 534 1871; x_wconf 87' lang='lat' dir='ltr'>sqq.</span> <span class='ocrx_word' id='word_1_245' title='bbox 551 1851 559 1865; x_wconf 94' lang='lat'>,</span> <span class='ocrx_word' id='word_1_246' title='bbox 584 1828 719 1871; x_wconf 87' lang='lat' dir='ltr'>pertinet</span> <span class='ocrx_word' id='word_1_247' title='bbox 744 1826 781 1858; x_wconf 78' lang='lat' dir='ltr'>ad</span> <span class='ocrx_word' id='word_1_248' title='bbox 806 1832 942 1858; x_wconf 83' lang='lat' dir='ltr'>metrum</span> <span class='ocrx_word' id='word_1_249' title='bbox 966 1817 1125 1866; x_wconf 41' lang='grc' dir='ltr'>ᾁκξκώὶ.</span> 
     </span>
    </p>
   </div>
   <div class='ocr_carea' id='block_1_10' title="bbox 388 1894 1956 2007">
    <p class='ocr_par' dir='ltr' id='par_1_14' title="bbox 388 1894 1956 2007">
     <span class='ocr_line' id='line_1_26' title="bbox 388 1894 1093 1939; baseline -0.003 -13"><span class='ocrx_word' id='word_1_250' title='bbox 388 1896 460 1939; x_wconf 80' lang='lat' dir='ltr'>Pag.</span> <span class='ocrx_word' id='word_1_251' title='bbox 485 1897 568 1933; x_wconf 85' lang='grc'><strong>331,</strong></span> <span class='ocrx_word' id='word_1_252' title='bbox 594 1907 637 1927; x_wconf 83' lang='lat' dir='ltr'>vs.</span> <span class='ocrx_word' id='word_1_253' title='bbox 660 1897 783 1927; x_wconf 88' lang='lat'><strong>7—10.</strong></span> <span class='ocrx_word' id='word_1_254' title='bbox 832 1895 917 1926; x_wconf 87' lang='lat' dir='ltr'>Haec</span> <span class='ocrx_word' id='word_1_255' title='bbox 937 1895 979 1925; x_wconf 82' lang='lat' dir='ltr'>sic</span> <span class='ocrx_word' id='word_1_256' title='bbox 1001 1894 1093 1937; x_wconf 83' lang='lat' dir='ltr'>lege:</span> 
     </span>
     <span class='ocr_line' id='line_1_27' title="bbox 431 1960 1956 2007; baseline -0.001 -11"><span class='ocrx_word' id='word_1_257' title='bbox 431 1965 496 2007; x_wconf 85' lang='lat' dir='ltr'>Ego</span> <span class='ocrx_word' id='word_1_258' title='bbox 521 1975 587 1995; x_wconf 85' lang='lat' dir='ltr'>sum</span> <span class='ocrx_word' id='word_1_259' title='bbox 613 1964 645 1995; x_wconf 90' lang='lat' dir='ltr'>in</span> <span class='ocrx_word' id='word_1_260' title='bbox 668 1964 776 2006; x_wconf 69' lang='lat' dir='ltr'>porta,</span> <span class='ocrx_word' id='word_1_261' title='bbox 801 1969 962 2006; x_wconf 84' lang='lat' dir='ltr'>tamquam</span> <span class='ocrx_word' id='word_1_262' title='bbox 987 1972 1090 1993; x_wconf 88' lang='lat' dir='ltr'>servus</span> <span class='ocrx_word' id='word_1_263' title='bbox 1115 1971 1293 1998; x_wconf 87' lang='lat' dir='ltr'>servorum,</span> <span class='ocrx_word' id='word_1_264' title='bbox 1319 1962 1406 1993; x_wconf 89' lang='lat' dir='ltr'>cuius</span> <span class='ocrx_word' id='word_1_265' title='bbox 1428 1962 1522 2005; x_wconf 63' lang='lat' dir='ltr'>qz‘blc-zi</span> <span class='ocrx_word' id='word_1_266' title='bbox 1545 1967 1590 1993; x_wconf 89' lang='lat' dir='ltr'>est</span> <span class='ocrx_word' id='word_1_267' title='bbox 1608 1960 1741 2004; x_wconf 87' lang='lat' dir='ltr'>pulchra</span> <span class='ocrx_word' id='word_1_268' title='bbox 1764 1966 1817 1992; x_wconf 92' lang='lat' dir='ltr'>tua</span> <span class='ocrx_word' id='word_1_269' title='bbox 1841 1962 1956 1999; x_wconf 83' lang='lat' dir='ltr'>facies,</span> 
     </span>
    </p>
   </div>
   <div class='ocr_carea' id='block_1_11' title="bbox 431 2028 1998 2075">
    <p class='ocr_par' dir='ltr' id='par_1_15' title="bbox 431 2028 1998 2075">
     <span class='ocr_line' id='line_1_28' title="bbox 431 2028 1998 2075; baseline -0.002 -12"><span class='ocrx_word' id='word_1_270' title='bbox 431 2032 590 2075; x_wconf 89' lang='lat' dir='ltr'>Cuiusque</span> <span class='ocrx_word' id='word_1_271' title='bbox 609 2036 752 2074; x_wconf 85' lang='lat' dir='ltr'>parentes</span> <span class='ocrx_word' id='word_1_272' title='bbox 771 2030 873 2073; x_wconf 88' lang='lat' dir='ltr'>ipsum</span> <span class='ocrx_word' id='word_1_273' title='bbox 891 2030 1017 2061; x_wconf 91' lang='lat' dir='ltr'>nomine</span> <span class='ocrx_word' id='word_1_274' title='bbox 1035 2030 1280 2072; x_wconf 77' lang='lat' dir='ltr'>insigniverunt,</span> <span class='ocrx_word' id='word_1_275' title='bbox 1308 2029 1391 2072; x_wconf 88' lang='lat' dir='ltr'>quod</span> <span class='ocrx_word' id='word_1_276' title='bbox 1413 2035 1447 2061; x_wconf 88' lang='lat' dir='ltr'>tu</span> <span class='ocrx_word' id='word_1_277' title='bbox 1472 2029 1576 2061; x_wconf 89' lang='lat' dir='ltr'>nobile</span> <span class='ocrx_word' id='word_1_278' title='bbox 1601 2028 1761 2061; x_wconf 85' lang='lat' dir='ltr'>reddidisti</span> <span class='ocrx_word' id='word_1_279' title='bbox 1779 2034 1809 2062; x_wconf 76' lang='lat' dir='ltr'>et</span> <span class='ocrx_word' id='word_1_280' title='bbox 1834 2029 1998 2072; x_wconf 83' lang='lat' dir='ltr'>Propheta.</span> 
     </span>
    </p>
   </div>
   <div class='ocr_carea' id='block_1_12' title="bbox 386 2101 2002 2147">
    <p class='ocr_par' dir='ltr' id='par_1_16' title="bbox 386 2101 2002 2147">
     <span class='ocr_line' id='line_1_29' title="bbox 386 2101 2002 2147; baseline -0.002 -11"><span class='ocrx_word' id='word_1_281' title='bbox 386 2105 459 2147; x_wconf 83' lang='lat' dir='ltr'>Pag.</span> <span class='ocrx_word' id='word_1_282' title='bbox 488 2106 572 2142; x_wconf 87' lang='lat'><strong>332,</strong></span> <span class='ocrx_word' id='word_1_283' title='bbox 608 2115 652 2134; x_wconf 82' lang='lat' dir='ltr'>vs,</span> <span class='ocrx_word' id='word_1_284' title='bbox 685 2104 737 2134; x_wconf 88' lang='lat'>16.</span> <span class='ocrx_word' id='word_1_285' title='bbox 803 2102 903 2145; x_wconf 79' lang='lat' dir='ltr'>Lege:</span> <span class='ocrx_word' id='word_1_286' title='bbox 942 2102 1016 2133; x_wconf 82' lang='lat' dir='ltr'>licet</span> <span class='ocrx_word' id='word_1_287' title='bbox 1051 2101 1165 2133; x_wconf 90' lang='lat' dir='ltr'>horum</span> <span class='ocrx_word' id='word_1_288' title='bbox 1204 2101 1370 2133; x_wconf 88' lang='lat' dir='ltr'>hominum</span> <span class='ocrx_word' id='word_1_289' title='bbox 1402 2102 1486 2133; x_wconf 87' lang='lat' dir='ltr'>oculi</span> <span class='ocrx_word' id='word_1_290' title='bbox 1526 2101 1729 2134; x_wconf 89' lang='lat' dir='ltr'>abhorrerent</span> <span class='ocrx_word' id='word_1_291' title='bbox 1764 2113 1781 2132; x_wconf 90' lang='lat' dir='ltr'>a</span> <span class='ocrx_word' id='word_1_292' title='bbox 1814 2101 2002 2133; x_wconf 84' lang='lat' dir='ltr'>facinoribus</span> 
     </span>
    </p>
   </div>
   <div class='ocr_carea' id='block_1_13' title="bbox 343 2178 1975 2280">
    <p class='ocr_par' dir='ltr' id='par_1_17' title="bbox 343 2178 1975 2280">
     <span class='ocr_line' id='line_1_30' title="bbox 343 2178 526 2215; baseline 0.005 -12"><span class='ocrx_word' id='word_1_293' title='bbox 343 2183 422 2215; x_wconf 86' lang='lat' dir='ltr'>quae</span> <span class='ocrx_word' id='word_1_294' title='bbox 446 2178 526 2204; x_wconf 88' lang='lat' dir='ltr'>caet.</span> 
     </span>
     <span class='ocr_line' id='line_1_31' title="bbox 384 2235 1975 2280; baseline -0.003 -9"><span class='ocrx_word' id='word_1_295' title='bbox 384 2258 445 2276; x_wconf 86' lang='lat'>—-‚</span> <span class='ocrx_word' id='word_1_296' title='bbox 472 2251 516 2273; x_wconf 81' lang='lat' dir='ltr'>vs.</span> <span class='ocrx_word' id='word_1_297' title='bbox 539 2242 558 2271; x_wconf 89' lang='lat'><strong>2</strong></span> <span class='ocrx_word' id='word_1_298' title='bbox 582 2250 599 2271; x_wconf 80' lang='lat' dir='ltr'>a</span> <span class='ocrx_word' id='word_1_299' title='bbox 619 2239 642 2271; x_wconf 92' lang='lat' dir='ltr'>f.</span> <span class='ocrx_word' id='word_1_300' title='bbox 691 2239 750 2270; x_wconf 89' lang='lat' dir='ltr'>Pro</span> <span class='ocrx_word' id='word_1_301' title='bbox 774 2239 923 2270; x_wconf 74' lang='lat' dir='ltr'>hominis</span> <span class='ocrx_word' id='word_1_302' title='bbox 942 2237 1089 2269; x_wconf 82' lang='lat' dir='ltr'>indolem</span> <span class='ocrx_word' id='word_1_303' title='bbox 1112 2237 1182 2280; x_wconf 81' lang='lat' dir='ltr'>lege</span> <span class='ocrx_word' id='word_1_304' title='bbox 1205 2238 1318 2268; x_wconf 79' lang='lat' dir='ltr'>virum</span> <span class='ocrx_word' id='word_1_305' title='bbox 1331 2247 1537 2280; x_wconf 77' lang='lat' dir='ltr'>percussum</span> <span class='ocrx_word' id='word_1_306' title='bbox 1563 2236 1687 2279; x_wconf 85' lang='lat' dir='ltr'>(nempe</span> <span class='ocrx_word' id='word_1_307' title='bbox 1710 2235 1975 2279; x_wconf 87' lang='lat' dir='ltr'>percutiendum).</span> 
     </span>
    </p>
   </div>
   <div class='ocr_carea' id='block_1_14' title="bbox 387 2313 1998 2360">
    <p class='ocr_par' dir='ltr' id='par_1_18' title="bbox 387 2313 1998 2360">
     <span class='ocr_line' id='line_1_32' title="bbox 387 2313 1998 2360; baseline -0.002 -11"><span class='ocrx_word' id='word_1_308' title='bbox 387 2318 459 2360; x_wconf 77' lang='lat' dir='ltr'>pag.</span> <span class='ocrx_word' id='word_1_309' title='bbox 484 2320 568 2356; x_wconf 84' lang='lat'><strong>333,</strong></span> <span class='ocrx_word' id='word_1_310' title='bbox 594 2328 635 2349; x_wconf 84' lang='lat' dir='ltr'>vs.</span> <span class='ocrx_word' id='word_1_311' title='bbox 655 2318 734 2359; x_wconf 89' lang='lat' dir='ltr'>2sq.</span> <span class='ocrx_word' id='word_1_312' title='bbox 758 2322 789 2348; x_wconf 85' lang='lat' dir='ltr'>et</span> <span class='ocrx_word' id='word_1_313' title='bbox 809 2327 881 2349; x_wconf 85' lang='lat' dir='ltr'>ann.</span> <span class='ocrx_word' id='word_1_314' title='bbox 905 2318 956 2348; x_wconf 87' lang='lat'>47.</span> <span class='ocrx_word' id='word_1_315' title='bbox 1005 2315 1106 2358; x_wconf 82' lang='lat' dir='ltr'>Lege:</span> <span class='ocrx_word' id='word_1_316' title='bbox 1135 2314 1268 2348; x_wconf 83' lang='lat' dir='ltr'>Morem</span> <span class='ocrx_word' id='word_1_317' title='bbox 1290 2316 1404 2356; x_wconf 75' lang='lat' dir='ltr'>qessz&#39;t</span> <span class='ocrx_word' id='word_1_318' title='bbox 1427 2316 1557 2358; x_wconf 63' lang='lat' dir='ltr'>legatis</span> <span class='ocrx_word' id='word_1_319' title='bbox 1572 2338 1581 2353; x_wconf 89' lang='lat'><em>‚</em></span> <span class='ocrx_word' id='word_1_320' title='bbox 1606 2320 1636 2347; x_wconf 87' lang='lat' dir='ltr'>et</span> <span class='ocrx_word' id='word_1_321' title='bbox 1665 2325 1738 2346; x_wconf 84' lang='lat' dir='ltr'>ann.</span> <span class='ocrx_word' id='word_1_322' title='bbox 1763 2315 1802 2346; x_wconf 85' lang='lat'>47</span> <span class='ocrx_word' id='word_1_323' title='bbox 1833 2313 1998 2346; x_wconf 78' lang='lat' dir='ltr'>substitua-</span> 
     </span>
    </p>
   </div>
  </div>
 </body>
</html>
