2127 2905
1016 202 1328 238 —116—

388 314 460 356 Pag.
481 313 544 344 269
558 335 566 347 ,
587 321 629 341 vs.
652 310 681 338 7.
730 305 829 347 Lege:
854 303 902 336 Me
922 291 1084 346 tamquam
1107 302 1303 335 obedientem
1329 299 1438 345 (tntu.)
1464 300 1619 333 camelum
1641 300 1753 339 ducit;
1789 302 1920 345 capistro
1952 313 2002 333 co-

343 381 445 413 hiberi
469 379 583 411 videor.

386 468 453 485 —‚
479 459 519 477 vs.
546 446 576 475 8.
637 441 730 473 Hunc
756 450 879 472 versum
903 450 967 470 non
1000 445 1083 470 recte
1115 439 1215 476 verti,
1253 439 1326 482 quia
1358 438 1397 469 ad
1429 437 1492 469 vim
1523 436 1695 480 particulae
1720 436 1764 468 535
1788 447 1850 468 non
1875 438 2004 470 attendi.

344 517 424 557 Lege
448 514 566 555 igitur:
603 509 662 541 Pro
698 508 825 540 cortinis
859 506 988 538 habebit
1013 505 1160 537 arborum
1198 506 1291 544 folia,
1319 505 1444 549 quando
1475 504 1614 537 cantabit
1648 504 1681 534 in
1720 514 1816 535 [ωηο.
1848 523 1892 528 —
1923 505 2004 536 Dicit

343 592 453 624 nempe
473 583 565 623 po‘e‘ta
581 602 589 616 ,
615 577 753 621 puellam
776 576 863 607 illam
884 581 949 606 tam
970 575 1092 617 egregie
1118 580 1243 606 cantare
1258 598 1267 612 ,
1293 581 1350 611 ut,
1376 575 1400 606 si
1425 585 1510 606 ramo
1536 571 1684 605 insideret
1703 578 1734 603 et
1758 572 1905 604 arborum
1924 573 2005 604 foliis

342 650 409 680 loco
435 648 627 679 cortinarum
648 651 730 677 tecta
755 650 857 681 esset,
884 653 997 674 canora
1026 648 1106 674 esset
1132 642 1204 673 avis.

388 717 463 758 Pag.
487 716 571 752 270,
597 724 641 745 vs,
664 714 715 744 13.
763 712 867 755 Lege:
894 712 1058 743 Profecto!
1086 709 1122 740 In
1145 720 1248 741 meam
1272 715 1457 751 potestatem
1483 709 1650 745 devenisti,
1676 720 1693 740 ο
1719 708 1852 740 Ronda!

388 803 450 819 —-‚
478 794 518 814 νε.
550 784 587 812 14
608 793 655 823 sq.
705 780 808 822 Lege,
835 786 869 810 ut
892 779 1005 823 partim
1032 778 1094 809 dixi
1119 777 1191 810 Vol.
1213 777 1254 808 II.
1279 788 1310 820 p.
1333 778 1413 808 259:

432 851 494 882 Nos
520 856 549 881 te
572 848 769 880 donaverunt
794 847 920 878 lanceae
946 853 976 878 et
1001 846 1097 889 gladii
1122 846 1231 883 acuti,

432 918 472 950 Et
495 918 648 949 exercitus
666 917 781 953 fortes,
806 915 837 945 in
862 914 975 957 quibus
1006 913 1155 945 fortitudo
1181 912 1219 944 ad
1243 922 1401 943 summum
1425 911 1595 944 terminum
1621 913 1774 955 pervenit.

388 1005 431 1010 -—-
448 1011 455 1023 ‚
482 996 555 1016 ann.
580 986 616 1015 71
645 982 788 1015 deleatur
812 988 851 1015 et,
867 982 936 1013 vide
956 982 994 1013 ad
1017 989 1135 1014 textum
1155 981 1187 1013 h.
1208 982 1230 1012 l.

390 1058 465 1101 Pag.
490 1059 573 1094 271,
599 1067 642 1087 vs.
665 1057 678 1086 1
706 1060 737 1086 et
758 1065 830 1086 ann.
852 1056 904 1085 73.
963 1054 1132 1085 Antithesis
1160 1053 1275 1089 docet,
1312 1050 1580 1093 pronuntiandum
1604 1063 1668 1083 esse
1690 1038 1772 1098 &ll-'¹
1796 1063 1812 1082 a
1836 1051 1897 1099 &La
1922 1052 2009 1081 trita

336 1140 415 1181 fuz't
440 1138 577 1181 (vestis),
615 1143 645 1168 et
682 1142 835 1179 quantum
869 1135 980 1173 video,
1007 1146 1110 1166 versus
1135 1133 1213 1164 nihil
1242 1132 1327 1164 aliud
1352 1133 1526 1176 significare
1555 1138 1657 1175 potest
1692 1133 1750 1163 nisi
1782 1132 1863 1162 hoc:
1907 1132 2007 1163 Tere-

347 1212 403 1237 lur
430 1205 589 1248 (semper)
617 1216 639 1234 α
660 1215 709 1234 me
734 1214 847 1234 eorum
866 1214 985 1239 error,
1011 1207 1049 1232 ut
1074 1214 1206 1246 semper
1226 1213 1300 1232 mea.
1325 1202 1465 1232 ambitio
1496 1212 1531 1232 se
1552 1204 1710 1237 renovet,
1737 1199 1784 1231 vel
1823 1206 1857 1231 ut
1884 1210 1938 1231 nos
1963 1199 2010 1230 di-

346 1285 509 1306 ceremus:
537 1272 620 1304 Pour
643 1283 693 1303 me
718 1271 799 1303 tenir
824 1282 861 1302 en
886 1270 1010 1302 haleine
1025 1294 1033 1308 ,
1055 1271 1089 1312 je
1108 1282 1147 1302 ne
1171 1270 1301 1302 cesserai
1321 1270 1433 1312 jamais
1454 1269 1492 1301 de
1517 1269 1690 1300 combattre
1715 1280 1764 1300 ces
1785 1269 1977 1300 mecreants.

391 1342 466 1383 Pag.
490 1342 552 1371 272
568 1364 577 1378 ‚
603 1351 645 1371 vs.
670 1342 702 1371 9.
751 1339 850 1381 Lege:
877 1338 1070 1380 'ibn-Jahja.
1089 1339 1103 1353 *

392 1413 464 1455 Pag.
486 1414 569 1447 273,
595 1423 669 1443 ann.
690 1413 744 1442 80.
793 1410 847 1442 Est
872 1410 936 1441 sine
955 1410 1050 1441 dubio
1075 1398 1165 1441 asili>

390 1500 452 1519 -,
478 1492 522 1511 vs.
548 1483 565 1511 4
591 1491 636 1522 Sq-
687 1480 788 1522 Lege:
817 1484 847 1509 et
866 1478 920 1520 qui
944 1478 1039 1508 etiam
1061 1478 1235 1508 excitarunt
1260 1478 1398 1520 ipsorum
1421 1477 1614 1520 principem,
1636 1474 1886 1511 Mohammedem
1913 1476 2010 1507 -ibno-

349 1549 515 1591 'l·Qsisi1n,
542 1554 576 1579 ut
600 1559 672 1579 cum
697 1547 768 1589 ipsis
793 1546 921 1578 faceret.
970 1544 1082 1576 Studio
1109 1550 1187 1575 caet.

388 1637 451 1655 —-,
477 1629 519 1648 vs,
540 1619 569 1647 7.
618 1615 828 1646 Pro:eoru1n
860 1613 987 1644 domino
1013 1611 1192 1649 nobilitate,
1230 1611 1316 1655 lege:
1354 1623 1461 1644 eorum
1493 1613 1718 1655 propugnatori
1750 1614 1782 1644 in
1814 1613 1904 1644 rebus
1939 1623 2010 1654 gra-

350 1687 487 1708 visfflmis.

394 1753 437 1758 —
453 1759 461 1771 ‚
487 1745 530 1764 vs.
552 1735 571 1763 8
596 1737 626 1763 et
648 1742 722 1762 ann.
740 1732 793 1761 81.
843 1729 888 1760 De
908 1729 955 1759 his
980 1728 1048 1760 vide
1073 1739 1158 1759 nunc
1183 1727 1221 1759 ad
1239 1735 1357 1760 textum
1374 1753 1382 1766 ,
1408 1739 1499 1770 supra
1524 1740 1555 1771 p.
1572 1730 1612 1759 97
1640 1740 1685 1770 sq.

394 1820 456 1837 —‚
484 1812 526 1831 τε.
552 1801 695 1830 10—14.
745 1797 830 1828 Haec
855 1808 939 1827 nunc
965 1796 1083 1827 correxi
1104 1795 1141 1825 ad
1166 1800 1285 1826 textum
1310 1795 1343 1826 h.
1362 1795 1381 1825 l.

394 1887 457 1905 -,
484 1879 557 1899 ann.
581 1870 622 1899 82
648 1865 781 1898 delenda
806 1870 861 1897 est.

394 1955 437 1960 -—
453 1961 460 1974 ,
487 1948 530 1967 vs.
550 1938 569 1966 3
594 1947 611 1965 a
631 1935 651 1965 f.
678 1946 722 1978 sq.
747 1940 778 1966 et
802 1943 876 1964 ann.
900 1933 953 1963 85.
1003 1931 1105 1973 Lege:
1131 1936 1197 1962 erat
1218 1936 1252 1960 ut
1272 1930 1306 1965 ‚is
1331 1930 1385 1972 qui
1406 1930 1512 1961 firmos
1536 1936 1656 1962 montes
1687 1931 1861 1974 propellere
1887 1932 2013 1969 studet,

352 2005 398 2036 vel
422 2010 456 2034 ut
479 2004 502 2034 is
524 2003 578 2046 qui
598 2008 756 2045 serpentes
783 2000 889 2032 surdos
913 2000 1066 2030 fascinare
1090 1998 1178 2033 vult:
1214 2009 1320 2030 omnes
1346 1999 1430 2030 enim
1453 1999 1631 2042 petulanter
1656 1999 1824 2032 currebant
1848 2001 1880 2031 in
1905 2000 2015 2044 hippo-

352 2073 458 2103 dromo
484 2071 607 2104 erroris,
635 2090 676 2095 -—
710 2070 793 2102 Ann.
821 2071 862 2100 85
889 2068 1041 2099 deleatur.

398 2141 470 2183 Pag.
494 2141 557 2170 274
572 2164 579 2176 ,
605 2151 647 2170 vs.
672 2140 690 2169 2
713 2150 758 2181 sq.
786 2145 817 2170 et
840 2149 912 2169 ann.
931 2139 986 2168 87.
1036 2136 1138 2179 Lege:
1164 2136 1196 2166 ln
1217 2141 1332 2167 terram
1354 2135 1621 2173 'Ibno-⁷l—‘Aftasz'‚
1647 2142 1888 2180 penetraverunt
1912 2138 1944 2168 in
1970 2149 2019 2169 re-

354 2210 458 2252 giones
479 2207 636 2250 depressas
657 2212 687 2238 et
709 2206 806 2244 altas,
832 2212 862 2238 et
884 2205 959 2237 talia
984 2211 1062 2236 caet.
1088 2222 1132 2228 —-
1164 2203 1368 2235 Annotationi
1393 2206 1455 2243 87,
1489 2216 1570 2248 quae
1593 2204 1726 2237 delenda
1756 2211 1822 2243 est,
1848 2205 2016 2237 substitua-

356 2287 404 2312 tur
425 2280 521 2311 haec:
548 2279 670 2310 Phrasis
694 2260 810 2324 ᾀεκζῖἷ,
831 2269 886 2327 Βὶὲ
900 2302 909 2317 ,
935 2277 1018 2309 idem
1038 2277 1103 2308 fere
1130 2275 1280 2308 denotans
1303 2282 1397 2319 atque
1418 2277 1515 2310 altera
1534 2276 1588 2308 illa
1613 2260 1729 2320 ᾲᾷῧῗ,
1757 2259 1845 2327 ᾗὲὲῗ,
1870 2278 2017 2321 frequen-

357 2349 393 2379 tis
418 2354 462 2379 est
488 2348 572 2379 usus.
622 2347 694 2379 Uno
722 2346 818 2389 igitur
846 2345 1011 2389 exemplo,
1044 2356 1080 2377 ex
1102 2344 1330 2377 'Ibn-Bassz‘nno
1362 2346 1482 2388 petito,
1519 2344 1680 2389 defungar.
1738 2344 1789 2378 Ait
1814 2344 1893 2388 (MS.
1927 2346 2018 2378 Goth.
