2127 2905
781 211 1094 247 -125—

108 311 201 352 diae)
226 315 258 342 et
279 313 504 354 iniquitatis,
529 312 548 342 i.
575 323 601 343 e.
628 311 817 348 terminum,
843 323 936 354 quem
967 312 1016 343 isti
1040 311 1127 353 impii
1151 316 1182 342 et
1213 310 1312 353 iniqui
1336 309 1477 342 homines
1509 309 1566 341 sibi
1595 321 1762 353 proposue-

104 384 196 416 rant,
223 378 375 421 attingere
399 389 461 409 non
486 385 677 422 potuerunt,
703 379 826 409 irritum
847 379 905 409 fuit
930 390 1038 410 eorum
1064 380 1235 421 inceptum.

148 445 223 488 Pag.
246 447 331 484 290,
357 458 398 478 VS.
423 449 455 478 8.
505 446 583 477 Pro:
613 446 724 489 irrupit
748 447 800 484 in,
826 446 912 489 lege:
941 446 1092 488 perrupit.

148 531 216 551 —-,
242 524 285 545 vs.
311 516 341 546 9.
389 514 460 544 Post
484 514 580 545 urbis
617 514 694 546 adde
729 526 764 546 ex
791 513 866 546 cod.
893 513 949 544 B.:
987 511 1039 544 sed
1063 512 1132 542 misi
1159 512 1278 554 equites
1303 515 1357 556 qui
1384 525 1456 546 eum
1482 522 1760 558 persequerentur,

103 582 219 625 quique
243 592 313 613 mox
337 591 409 611 eum
434 581 566 612 assecuti
591 587 663 612 sunt
688 588 769 612 caet.

145 667 212 686 —‚
239 659 280 680 vs.
304 649 354 678 10.
415 647 460 679 Ex
486 647 552 680 cod
577 648 613 679 Β.
639 648 693 679 hic
717 648 878 691 sequentia
904 646 1078 683 addantur,
1115 646 1224 678 ultima
1249 647 1352 690 phrasi
1377 649 1484 681 leviter
1518 652 1657 681 mutata:
1687 663 1762 693 quos

101 716 132 745 in
154 726 255 746 meam
279 721 464 757 potestatem
484 715 569 747 dedit
593 715 692 752 Deus,
730 716 784 759 qui
805 715 883 747 mihi
906 726 957 747 eos
978 714 1104 745 tradidit
1127 714 1244 756 quique
1269 715 1371 747 effecit
1396 723 1429 748 ut
1457 728 1563 749 omnes
1586 718 1759 761 deprehen-

101 781 258 812 derentur.
308 781 409 813 Nemo
433 783 523 814 exiis
552 782 684 825 effugit,
721 793 812 814 nemo
845 794 876 813 se
903 782 1063 813 subtraxit.
1126 781 1247 813 Accidit
1273 783 1317 824 (et
1342 785 1386 815 rei
1418 791 1544 816 eventus
1573 785 1761 817 beneficium

99 855 148 880 est·
164 860 200 880 ex
223 849 258 879 iis
281 860 360 892 quae
386 850 468 882 Deus
484 876 492 889 ,
514 833 550 882 in
572 851 633 882 hoc
658 850 850 893 perfidorum
874 856 904 881 et
928 849 1106 881 dolosorum
1131 850 1295 882 hominum
1315 853 1440 895 negotio
1454 878 1462 888 ,
1488 854 1520 883 in
1541 864 1591 885 me
1616 855 1760 893 contulit)

101 923 134 947 ut
155 916 216 947 duo
241 928 276 948 ex
296 917 360 948 istis
375 942 383 956 ,
409 918 482 961 suga
506 929 537 949 se
562 918 778 950 subtrahentes
795 943 803 956 ,
829 917 1006 949 traiicerent
1035 918 1166 949 fluvium
1189 919 1349 962 Guadajoz
1378 920 1416 951 ad
1449 919 1610 953 Orientem
1636 922 1762 954 Carmo-

97 995 179 1022 nae;
207 984 259 1015 sed
283 985 462 1017 inciderunt
493 985 526 1016 hi
552 986 584 1016 in
609 987 721 1016 mansis
739 985 881 1028 equiturn
903 996 980 1027 quos
999 985 1145 1018 miseram
1171 987 1208 1017 ad
1234 994 1348 1019 terram
1365 987 1468 1020 Badisz'
1493 989 1761 1031 depraedandam,

99 1057 237 1094 tempore
262 1063 323 1095 quo
348 1053 403 1091 hi,
430 1053 484 1095 qui
508 1052 546 1084 de
570 1053 606 1084 iis
631 1064 710 1096 quae
733 1051 910 1084 acciderant
942 1053 1021 1085 nihil
1045 1054 1254 1092 resciverant,
1283 1067 1355 1087 cum
1387 1056 1490 1099 spoliis
1515 1057 1759 1089 revertebantur.

100 1119 182 1151 Duos
202 1121 274 1152 istos
295 1128 445 1164 ceperunt
465 1123 495 1144 99
520 1132 634 1164 eosque
655 1120 693 1152 ad
713 1132 763 1152 me
792 1120 1004 1157 adduxerunt,
1030 1123 1072 1153 ita
1097 1129 1131 1154 ut
1156 1133 1262 1154 omnes
1291 1124 1339 1154 isti
1365 1125 1442 1155 servi
1468 1125 1530 1156 iam
1551 1125 1583 1155 in
1613 1126 1681 1157 mea
1706 1137 1762 1168 po-

102 1194 209 1219 testate
233 1195 346 1221 essent.

143 1273 206 1293 -,
231 1269 273 1288 rs.
298 1258 336 1288 13
352 1268 398 1299 sq.
448 1257 552 1299 Lege:
591 1258 694 1299 ipsum
728 1256 818 1288 illurn
844 1257 945 1288 filium
969 1257 1119 1290 dilectum
1143 1265 1173 1289 et
1206 1264 1343 1289 amatum
1377 1265 1455 1290 caet.
1492 1277 1535 1282 —
1570 1260 1624 1291 Est
1649 1272 1761 1303 nempe

98 1327 238 1376 0³35&
225 1314 279 1367 ,Ζὲ
302 1327 385 1360 idem
411 1328 495 1371 quod
520 1315 601 1368 aigi?
630 1328 721 1376 σιδὶῗ.

142 1427 204 1447 -,
231 1421 274 1440 vs.
299 1412 317 1439 5
340 1410 391 1440 af.
440 1409 567 1441 Lacuna
591 1421 626 1440 ex
661 1408 736 1441 cod.
763 1410 800 1442 Β.
827 1412 869 1442 sic
893 1410 1065 1454 supplenda
1089 1417 1156 1442 est:
1192 1410 1352 1441 calamitas
1376 1417 1522 1442 nascatur
1552 1423 1588 1443 ex
1620 1412 1684 1443 filio
1711 1416 1765 1455 qui

99 1477 154 1508 tibi
187 1477 269 1509 dono
293 1477 383 1509 datus
415 1484 499 1515 erat,
532 1477 613 1508 dona
643 1477 797 1520 quaedam
821 1484 983 1509 mutentur
1015 1479 1046 1509 in
1079 1479 1273 1521 perniciem,
1311 1476 1341 1510 et
1367 1478 1521 1521 quaedam
1550 1479 1703 1513 beneficia
1731 1482 1762 1512 in

99 1557 220 1578 noxam.

140 1633 184 1637 —
199 1638 207 1652 ‚
234 1625 277 1647 vs.
296 1616 314 1644 2
335 1626 350 1644 a
372 1615 392 1645 f.
419 1620 450 1645 et
469 1624 542 1644 ann.
571 1614 642 1643 177.
699 1612 801 1655 Lege:
837 1613 868 1644 id
893 1613 976 1656 quod
1000 1619 1162 1656 tamquam
1194 1625 1241 1645 res
1266 1614 1359 1657 plane
1387 1616 1552 1658 singularis
1573 1615 1685 1647 accidit
1712 1618 1762 1646 uni

95 1682 159 1724 regi
179 1680 342 1713 Persarum
367 1688 398 1713 et
418 1681 478 1712 alio
502 1687 581 1712 caet.
608 1698 651 1703 —
675 1679 757 1711 Ann.
786 1682 847 1712 177
872 1680 1023 1713 deleatur.

140 1767 204 1787 —,
229 1761 273 1781 vs.
300 1750 356 1781 ult.
405 1749 510 1792 Lege:
540 1747 599 1778 Hic
619 1748 703 1779 enim
723 1747 928 1785 maledictus,
954 1749 986 1779 in
1006 1749 1041 1779 iis
1067 1758 1155 1791 quae*
1171 1749 1294 1781 volebat
1318 1756 1349 1781 et
1367 1750 1524 1792 cupiebat.

140 1816 214 1858 Pag.
239 1817 300 1847 291
320 1840 328 1853 ,
354 1828 395 1848 vs.
424 1818 543 1847 1—10.
592 1814 625 1846 Si
649 1814 755 1845 revera
773 1811 875 1863 Jssln‘xss
900 1815 1069 1858 legendum
1093 1823 1161 1854 est,
1188 1823 1222 1847 ut
1245 1827 1336 1859 supra
1362 1818 1533 1860 suspicatus
1558 1829 1626 1850 sum
1643 1843 1651 1856 ,
1678 1821 1762 1850 locus

95 1883 261 1915 vertendus
292 1889 337 1914 est
362 1883 422 1914 hoc
446 1882 558 1914 modo:
584 1888 652 1912 tum
676 1880 770 1924 plane
794 1881 982 1924 singularia,
1010 1888 1076 1914 tum
1106 1883 1240 1915 nefanda
1272 1889 1302 1915 et
1325 1883 1487 1915 horribilia
1519 1885 1605 1916 dictu
1640 1887 1764 1918 molini>

97 1957 152 1982 est.
178 1968 222 1974 --
247 1950 382 1993 Reliqua
415 1960 450 1980 ex
475 1947 590 1980 Codice
627 1949 659 1980 B.
695 1950 738 1980 sic
774 1949 906 1993 legenda
930 1957 960 1981 et
993 1951 1165 1994 supplenda
1197 1957 1291 1982 sunt:
1331 1963 1402 1983 uam
1435 1959 1655 1996 praeterquam
1680 1956 1763 1997 quod

99 2029 164 2050 rem
189 2029 284 2061 quarn
309 2018 443 2049 maxime
468 2016 706 2060 vituperandam
734 2016 791 2048 sibi
812 2018 973 2061 permisit,
998 2020 1092 2050 etiam
1121 2025 1250 2050 conatus
1274 2025 1319 2050 est
1343 2020 1439 2062 patris
1463 2021 1596 2051 feminas
1621 2032 1763 2053 commu—

95 2086 142 2116 nis
166 2085 241 2116 iuris
271 2085 373 2117 facere
389 2109 397 2123 ,
423 2091 453 2116 et
476 2090 696 2128 praeterquam
717 2085 801 2128 quod
836 2086 908 2117 viris
932 2086 1026 2118 vitam
1058 2086 1179 2118 auferre
1204 2086 1326 2118 volebat
1348 2089 1394 2111 10⁰
1409 2112 1416 2125 ‚
1454 2089 1548 2120 etiam
1572 2089 1766 2133 negligenter

118 2220 167 2257 99)
193 2220 234 2248 De
256 2219 337 2248 verbo
357 2206 436 2254 ,ῥέαέ
457 2230 481 2248 v.
503 2221 555 2248 mei
576 2220 638 2249 libri
661 2210 720 2250 Vol.
742 2220 764 2249 1.
786 2232 811 2259 p
835 2220 900 2249 153.

101 2274 168 2310 100)
196 2281 312 2317 aasz&
339 2273 425 2309 55&ss
447 2273 516 2303 idem
541 2278 578 2303 est
598 2278 675 2314 alque
698 2282 812 2318 lxx-Q
839 2279 939 2311 μάξω,
961 2275 1032 2314 quod
1048 2275 1081 2305 de
1103 2276 1160 2305 Deo
1181 2276 1298 2313 dicitur
1321 2286 1383 2305 nam
1406 2277 1455 2304 ·-al
1463 2277 1561 2313 ρᾶηιιιε
1582 2277 1644 2315 (snb
1669 2285 1721 2313 ῥα·
1712 2284 1761 2329 ζὸ)

196 2341 261 2371 haec
280 2341 375 2371 habet·
396 2323 487 2374 ,5de
512 2354 591 2393 ²2»)
619 2342 671 2375 ὡς
700 2346 791 2376 ώὸ.
833 2342 922 2382 Igitur
944 2349 1042 2388 histes
1063 2345 1091 2374 in
1115 2344 1263 2373 istiusmodi
1282 2344 1421 2383 phrasibus
1441 2344 1511 2374 idem
1534 2348 1570 2374 est
1590 2349 1668 2384 atque
1692 2368 1755 2401 εκ.
