2127 2905
801 196 1086 233 -23—

159 292 232 335 pag.
255 293 335 330 122,
360 303 403 324 νε.
426 293 457 325 8.
504 292 564 325 Pro
589 296 626 323 ut
661 303 716 325 eos
740 294 778 323 in
810 293 997 336 hospitium
1031 295 1224 337 exciperet,
1250 294 1337 337 lege:
1362 298 1400 325 ul
1430 303 1486 326 eos
1517 293 1702 326 blanditiis
1731 295 1777 325 ad

117 361 230 382 arcem
256 349 462 382 tradendam
479 355 718 395 permoveret,
744 357 779 382 ut
802 350 863 382 dixi
888 350 1015 382 Vol.11.
1040 362 1071 393 p.
1093 353 1168 382 257.

160 408 232 452 Pag.
255 410 338 447 123,
363 420 407 440 vs.
431 411 449 441 5
475 420 521 452 sq.
569 409 655 442 Haec
675 409 793 441 correxi
818 407 889 440 vol'.
915 408 958 440 II.
984 419 1014 451 p.
1036 409 1114 440 257.

161 484 228 503 -,
253 478 326 498 ann.
348 468 425 499 288.
475 466 524 499 Cf.
552 467 621 499 Vol.
639 467 663 499 I.
688 478 719 511 p.
746 468 823 498 428.

162 524 237 568 Pag.
257 526 344 563 124,
369 536 413 558 vs.
437 526 451 556 1
478 531 509 557 et
533 536 606 557 ann.
629 526 705 558 294.
752 524 799 556 De
833 523 1012 556 nominibus
1042 525 1175 568 propriis
1209 525 1263 558 hic
1295 525 1496 570 cogitandum
1531 538 1594 559 non
1627 534 1695 566 est,
1729 527 1780 560 sed

119 583 299 628 simpliciter
315 581 519 616 vertendum:
543 589 575 615 et
598 583 719 626 punivit
743 593 816 615 eum
840 583 931 615 sicuti
954 583 1085 626 punitur
1107 582 1231 616 rebellis
1255 584 1402 618 camelus.

162 659 225 680 —-‚
250 653 294 674 vs.
314 642 333 672 2
356 652 373 672 a
395 641 419 674 f.
469 641 514 673 Ex
537 641 675 673 versibus
702 644 810 680 5—9,
847 652 923 684 quos
947 641 1030 674 edidi
1052 641 1121 675 Vol.
1148 642 1189 674 Π.
1220 653 1252 686 p.
1274 645 1338 682 64,
1367 649 1452 687 patet
1482 647 1607 687 poetam
1632 646 1663 676 in
1697 646 1783 678 initio

118 700 262 732 carminis
286 711 317 731 se
341 700 443 743 ipsum
468 699 597 743 alloqui.
644 698 743 742 Igitur
767 710 823 743 pro
841 711 891 731 me
910 700 978 743 lege
1000 704 1042 732 te.
1132 704 1134 707 ’

162 759 235 802 Pag.
257 760 318 789 125
333 782 340 796 ,
366 769 409 790 vs.
431 760 445 789 1
468 769 513 801 sq.
562 758 648 790 Haec
673 758 791 790 correxi
815 757 884 790 Vol.
904 758 945 790 II.
970 770 1000 802 p.
1027 760 1102 791 257.

160 818 234 861 Pag.
257 818 338 855 126,
364 827 406 848 vs.
426 818 457 849 8.
506 815 554 848 cf.
579 815 648 848 Vol.
669 815 708 848 ΙΙ.
733 828 766 860 p.
788 818 863 849 257.

162 875 238 919 Pag.
259 877 332 907 127.
380 875 484 907 Prima
504 886 574 919 pars
591 875 800 907 annotationis
820 876 884 908 319
909 874 1060 908 deleatur.

160 952 228 972 —,
254 945 297 965 vs.
319 935 339 965 3
360 944 377 964 a
400 934 424 967 f.
473 934 578 977 Lege:
607 936 644 965 in
672 934 776 965 huius
808 936 937 972 atriis,
964 935 1094 966 similis
1121 946 1218 967 ramo
1245 940 1344 967 vento
1377 939 1533 980 agitato,
1559 943 1590 969 et
1614 937 1682 970 dele
1708 949 1782 970 ann.

118 993 206 1031 3233
235 991 436 1035 cogitandum
460 993 544 1025 enim
568 999 614 1025 est
630 992 668 1025 de
693 993 829 1037 corporis
853 993 1018 1036 elegantia.

162 1064 236 1107 Pag.
261 1065 342 1102 128,
368 1076 411 1096 vs.
439 1066 547 1104 4-6,
584 1071 615 1097 et
639 1076 711 1097 ann.
737 1066 800 1097 325
831 1070 862 1097 et
882 1066 958 1097 326.
1016 1064 1064 1097 cl.
1096 1065 1254 1098 Fleisoher
1280 1073 1386 1110 putat,
1420 1067 1550 1102 verbum
1587 1055 1702 1116 0250
1734 1068 1787 1099 hic

119 1134 208 1165 illum
233 1145 357 1166 sensum
380 1134 514 1173 habere,
552 1147 646 1179 quem
670 1134 816 1167 indicavit
847 1136 880 1166 in
912 1136 965 1167 sua
995 1135 1131 1169 editione
1155 1136 1302 1169 Noctium
1328 1138 1533 1171 Arabicarum
1559 1140 1629 1172 XII.
1666 1152 1696 1184 p.
1720 1142 1762 1173 93
1778 1167 1786 1180 ,

119 1217 232 1249 nempe
264 1207 338 1237 sich
363 1207 554 1249 vertz'efen,
592 1207 664 1249 ties
689 1206 920 1250 eindringen‚·
959 1207 1042 1250 quod
1066 1209 1160 1240 etiam
1193 1208 1262 1240 ideo
1286 1211 1450 1253 praefero,
1489 1213 1561 1255 quia
1588 1219 1663 1244 tunc
1699 1200 1790 1259 0352·

119 1267 241 1298 solitam
265 1279 353 1299 suam
375 1268 471 1301 habet
490 1268 762 1311 significationem.
811 1268 982 1300 Deleantur
1001 1269 1096 1312 igitur
1121 1281 1193 1302 ann.
1219 1272 1282 1302 325
1308 1278 1339 1304 et
1363 1274 1426 1304 326
1443 1298 1450 1311 ,
1476 1280 1507 1305 et
1532 1280 1638 1306 verte:
1669 1274 1784 1307 Exten-

121 1326 257 1358 sissimae
281 1333 369 1359 erant
389 1327 455 1360 eius
474 1327 614 1370 regiones
635 1332 665 1358 et
688 1332 809 1364 terrae,
835 1332 865 1358 et
885 1326 916 1357 in
940 1326 988 1358 his
1016 1326 1144 1359 aderant
1172 1340 1279 1361 omnes
1307 1341 1354 1363 res
1387 1331 1423 1362 ad
1448 1332 1543 1364 vitam
1568 1334 1780 1366 necessariae:

120 1383 197 1415 nihil
223 1384 306 1428 quod
331 1391 409 1417 caet.

165 1443 239 1485 Pag.
264 1445 344 1481 129,
370 1454 412 1474 νε.
435 1444 464 1474 2.
513 1442 618 1486 Lege:
647 1449 677 1475 et
697 1455 729 1475 se
749 1444 785 1474 iis
809 1443 955 1475 traderet.

165 1523 239 1567 Pag.
266 1525 348 1561 130,
375 1535 448 1556 ann.
474 1525 549 1556 336.
600 1503 662 1574 5),
687 1523 770 1567 quod
794 1524 888 1555 etiam
912 1534 947 1555 ex
972 1524 1151 1556 coniectura
1172 1527 1278 1570 scripsi
1303 1527 1372 1560 Vol.
1393 1529 1421 1563 Ι.
1454 1541 1484 1574 p.
1509 1533 1590 1569 315,
1615 1542 1657 1563 vs.
1681 1534 1717 1569 4,
1745 1543 1788 1563 re·

118 1605 187 1637 vera
212 1611 327 1643 exstat,
353 1616 427 1637 nam
453 1606 494 1638 ait
518 1605 755 1637 ‘az-Zamaesari
785 1606 818 1636 in
841 1607 954 1638 Ᾰεᾶεο
978 1605 1147 1650 ’ἰ-ὀαίᾶὲᾳ
1173 1607 1242 1650 (sub
1267 1599 1342 1660 [DQ
1378 1599 1462 1657 1.Ξῄὄῇ
1491 1595 1547 1663 1,ῖὲ
1575 1613 1623 1646 a..)
1651 1600 1791 1649 2³2...2-4....

164 1766 230 1787 —‚
256 1759 300 1780 vs.
324 1751 343 1780 3
368 1756 398 1782 et
423 1762 495 1783 ann.
516 1753 592 1783 339.
642 1750 727 1782 Haec
753 1751 870 1782 correxi
896 1750 967 1783 Vol.
993 1750 1032 1783 ΙΙ.
1057 1763 1088 1795 p.
1109 1754 1171 1784 257
1192 1766 1238 1798 sq.

164 1806 237 1849 Pag.
262 1809 342 1846 131,
368 1820 410 1840 vs.
434 1812 448 1840 1
472 1821 517 1852 sq.
565 1808 686 1841 Perfide
702 1808 808 1851 itaque
828 1819 972 1851 agerem,
999 1810 1024 1840 si
1048 1810 1198 1853 palpebra
1217 1823 1286 1844 mea
1305 1815 1366 1844 suis
1391 1815 1485 1856 guttis
1510 1826 1600 1847 avare
1624 1824 1786 1859 parceret,

121 1871 152 1897 et
184 1865 208 1896 si
233 1865 336 1897 anima
366 1877 436 1899 mea
463 1873 527 1898 tam
558 1866 626 1898 vilis
657 1872 754 1904 esset,
791 1872 826 1898 ut
856 1877 912 1909 pro
938 1867 1019 1898 socia
1048 1867 1164 1902 habere
1188 1878 1289 1913 posset
1322 1873 1517 1915 patientiam.
1543 1891 1588 1898 —
1614 1874 1696 1906 Ann.
1725 1877 1785 1906 341

121 1922 270 1955 deleatur.

166 1999 229 2019 ——,
256 1994 298 2014 vs.
321 1985 350 2014 9.
399 1983 474 2015 Pro:
500 1988 533 2014 et
558 1986 688 2027 ereptis
713 1985 746 2014 ez'
766 1984 850 2015 locis
875 1985 1067 2017 metuendis
1086 1991 1119 2018 et
1143 1991 1305 2031 angustis
1321 2014 1328 2027 ‚
1354 1989 1438 2033 lege:
1465 1995 1496 2021 et
1519 1994 1694 2035 occupatis
1716 2003 1789 2023 οοιι-

123 2044 181 2070 troe
203 2051 275 2071 eum
302 2040 357 2083 (ita
384 2047 419 2073 ut
442 2041 571 2074 evadere
591 2053 654 2073 non
669 2041 783 2085 posset)
810 2044 879 2074 υἱέε
904 2044 997 2074 inter
1021 2049 1151 2077 montes
1175 2050 1349 2090 angustis,

167 2115 230 2136 —,
256 2110 300 2131 vs.
325 2100 362 2131 11
386 2111 432 2143 sq.
482 2100 554 2132 Post
578 2101 662 2132 velit
686 2101 727 2133 sic
747 2100 833 2143 lege:
858 2101 911 2133 illo
936 2108 1076 2146 tempore
1100 2115 1162 2147 quo
1186 2116 1293 2137 earum
1318 2106 1490 2139 invasiones
1511 2118 1582 2140 eum
1611 2110 1688 2139 noxii
1721 2109 1788 2139 affi-

123 2157 270 2196 ciebant,
296 2169 432 2202 eumque
456 2159 579 2202 copioso
604 2159 817 2192 calamitatum
842 2161 942 2193 imbre
967 2162 1157 2206 affligebant.

169 2215 243 2259 Pag.
268 2219 330 2249 132
353 2229 422 2262 sq.,
449 2228 521 2249 ann.
545 2219 621 2250 360.
672 2217 720 2250 Cf.
748 2218 817 2251 Vol.
839 2220 880 2251 ΙΙ.
905 2232 937 2264 p.
958 2222 1034 2253 258.

168 2273 240 2317 Pag.
269 2278 351 2315 133,
385 2288 429 2311 vs.
455 2278 473 2308 2
501 2289 545 2320 sq.
607 2276 665 2308 Pro
691 2276 900 2311 desiderium
932 2279 1000 2323 lege
1037 2281 1214 2314 tumultum
1250 2281 1376 2325 (mall)
1413 2290 1443 2316 et
1470 2295 1525 2327 pro
1558 2284 1655 2316 velox
1687 2286 1789 2329 potius

117 2335 274 2376 fervens.
