2127 2905
806 198 1097 235 —57—

125 303 156 329 et
176 296 308 339 ligatae;
335 293 373 325 de
392 293 628 337 pulchritudine
653 299 851 326 certaverunt
872 305 944 326 cum
969 295 1031 326 sole
1056 293 1238 338 splendente
1270 300 1301 326 et
1331 294 1368 326 ad
1393 306 1538 328 occasum
1562 303 1707 339 vergente
1732 299 1789 328 mi-

123 353 225 385 randis
250 352 439 385 carminibus
465 359 495 385 et
517 353 663 397 epistolis.
714 351 831 383 Eorum
850 352 948 383 oratio
972 352 1072 383 soluta
1097 352 1165 384 talis
1187 358 1255 389 est,
1280 360 1338 391 ut,
1364 354 1388 385 si
1414 354 1556 385 ·al-Bad1:
1579 354 1666 385 illam
1688 354 1791 386 videre

121 417 246 456 posset,
273 411 406 442 nominis
437 412 483 443 sui
504 411 738 443 oblivisceretur
755 411 768 432 ⁵
782 433 791 447 ,
823 415 854 440 et
874 410 899 440 si
922 409 1088 441 'Ibn-Hilal
1119 409 1205 440 illam
1233 418 1334 452 posset
1356 411 1513 455 adspicere
1530 437 1538 451 ,
1571 413 1637 444 eius
1662 412 1789 444 arbitrio

121 482 152 502 se
176 469 373 501 submitteret
391 471 417 501 ⁶.
468 469 558 510 Quod
581 479 653 500 vero
678 467 715 498 ad
742 477 850 498 eorum
872 468 980 509 poesin
1005 468 1136 506 attinet,
1161 468 1239 499 haec
1263 468 1332 499 talis
1363 475 1407 500 est
1429 476 1479 506 ut,
1505 471 1529 501 si
1552 481 1621 502 eam
1655 468 1787 513 Co't'aijir

122 528 310 566 audivisset,
336 539 398 559 nou
418 527 551 570 amplius
575 526 713 557 carmina
738 524 888 555 amatoria
911 525 960 557 vel
981 525 1137 558 laudativa
1158 526 1404 569 composuisset,
1430 533 1460 558 et
1481 529 1505 558 si
1527 529 1612 560 illam
1638 541 1782 573 perscru-

125 593 205 619 tatus
229 593 306 619 esset
330 585 469 623 Garwal,
502 595 564 616 non
595 583 728 626 amplius
756 583 905 615 ululasset
929 595 1032 627 neque
1066 584 1209 616 latrasset
1229 585 1253 615 7.
1312 583 1458 616 Attamen
1485 587 1538 628 qui
1563 588 1594 618 in
1624 587 1683 619 hac
1708 590 1787 619 terra

121 645 159 676 de
190 644 316 675 historia
348 643 484 675 literaria
513 643 726 686 scripserunt,
763 641 842 672 nihil
873 642 957 673 aliud
990 642 1047 673 sibi
1071 649 1301 687 proposuerunt
1334 653 1427 685 quam
1459 643 1594 676 Orientis
1627 647 1789 689 scriptores

122 703 210 745 sequi
237 708 268 733 et
292 702 427 740 imitari;
454 701 566 733 horum
587 700 755 732 sexcenties
779 700 917 743 repetitis
944 700 1079 732 historiis
1101 702 1268 738 nituntur,
1295 707 1328 732 ut
1355 701 1491 733 Traditio
1518 703 1629 734 nititur
1654 706 1786 736 auctori-

121 767 182 793 tate
204 760 341 802 Qa't‘adae
359 762 398 798 83
427 759 503 792 adeo
527 765 585 797 ut,
611 759 635 790 si
652 759 685 790 in
704 758 764 790 illis
789 758 967 802 regionibus
993 770 1102 790 corvus
1127 760 1276 796 crociret,
1303 759 1350 792 vel
1376 760 1407 791 in
1433 760 1542 792 ultima
1567 768 1655 804 parte
1680 762 1788 805 Syriae

120 825 172 850 aut
202 819 296 862 'Iraqz‘
314 830 421 851 musca
454 824 646 856 susurraret,
684 817 777 856 huic,
804 824 838 849 ut
866 817 966 856 idolo,
992 818 1256 861 procumberent,
1293 824 1323 849 et
1353 818 1454 856 istud,
1492 820 1581 862 quasi
1605 822 1786 864 perspicuus

120 885 198 910 esset
226 878 324 916 liber,
360 878 509 921 legerent.
571 875 660 918 Quod
685 887 756 907 vero
791 875 828 906 ad
853 882 1004 907 nostrates
1034 877 1168 913 attinet,
1193 876 1306 908 horum
1339 877 1497 909 mirabiles
1525 877 1671 911 historiae
1697 880 1788 910 simul

117 948 189 968 cum
205 948 313 968 eorum
338 936 467 980 egregiis
491 934 681 967 carminibus
706 933 862 965 habentur
885 945 941 978 pro
961 934 1030 966 loco
1055 934 1109 966 ubi
1136 935 1216 966 iacet
1246 935 1395 978 sequioris
1420 936 1540 978 generis
1563 938 1704 975 camela,
1732 938 1784 969 ubi

118 995 212 1026 cubat
236 995 354 1026 camela
375 999 565 1031 extenuata3
601 992 717 1024 nullius
742 1003 795 1023 cor
819 992 978 1024 animusve
1005 993 1040 1024 iis
1075 993 1211 1036 politur,
1242 994 1422 1036 nulliusque
1447 994 1554 1037 lingua
1575 1006 1723 1027 manusve
1756 997 1785 1027 in

116 1054 151 1084 iis
170 1064 276 1085 curam
296 1054 397 1096 ponit.
446 1052 535 1083 Hanc
556 1051 740 1083 nostratium
762 1050 873 1094 agendi
895 1051 1046 1082 rationem
1062 1051 1241 1095 indignatus
1262 1058 1292 1084 et
1326 1052 1484 1084 fastidiens
1509 1063 1618 1084 eorum
1646 1065 1765 1085 morem
1779 1079 1786 1092 ‚

118 1111 264 1155 colligere
287 1112 390 1154 incepi
411 1121 491 1154 quae
509 1110 649 1141 invenire
672 1110 760 1152 potui
787 1121 822 1141 ex
855 1108 995 1152 pulchris
1020 1110 1141 1153 scriptis
1173 1111 1235 1141 mei
1266 1111 1413 1153 temporis
1429 1135 1437 1148 ‚
1463 1117 1494 1142 et
1521 1111 1709 1154 perscrutari
1739 1112 1784 1142 iu-

120 1170 201 1211 genii
233 1175 436 1200 monumenta
469 1179 548 1211 quae
572 1169 634 1199 mei
659 1167 788 1211 gentiles
818 1173 848 1199 et
874 1168 1033 1199 coaetanei
1058 1174 1250 1211 exegerunt;
1290 1168 1371 1211 quod
1407 1169 1467 1200 feci
1492 1169 1558 1201 zelo
1586 1169 1733 1200 incitatus
1759 1176 1788 1200 et

115 1229 187 1270 quia
212 1227 397 1270 indignabar
411 1251 418 1264 ,
444 1226 537 1258 huius
553 1226 731 1269 praeclarae
755 1232 856 1257 terrae
880 1226 987 1269 plenas
1012 1226 1102 1257 lunas
1122 1237 1178 1268 pro
1201 1227 1286 1257 novis
1300 1251 1307 1264 ,
1333 1227 1463 1270 eiusque
1482 1227 1580 1258 maria
1602 1238 1663 1270 pro
1684 1228 1785 1270 pauca

117 1287 197 1328 aqua
222 1286 346 1323 haberi,
379 1285 452 1317 licet
477 1285 591 1316 multos
613 1284 779 1328 protulerit
803 1284 883 1315 viros
907 1284 1046 1315 literatos
1066 1290 1097 1316 et
1117 1283 1233 1316 doctos.
1292 1284 1358 1316 Iam
1384 1284 1438 1316 diu
1472 1285 1614 1316 homines
1646 1285 1786 1328 neglexe-

115 1350 187 1375 runt
208 1343 381 1375 doctrinam
413 1351 443 1376 et
472 1344 551 1375 viros
580 1343 725 1374 eruditos.
776 1343 858 1384 Quot
887 1348 958 1373 sunt
988 1348 1180 1385 praestantes
1204 1343 1367 1385 scriptores
1403 1354 1537 1386 quorum
1571 1344 1685 1386 scripta
1721 1344 1783 1374 iam

113 1403 268 1446 perierant
293 1408 460 1446 antequam
481 1402 539 1445 ipsi
562 1413 579 1433 e
603 1401 665 1432 vita
689 1401 828 1432 exirent!
879 1400 964 1432 Scire
985 1401 1097 1432 vellem
1119 1401 1187 1443 quis
1208 1400 1261 1431 ille
1284 1407 1329 1432 est
1351 1401 1405 1444 qui
1429 1400 1604 1432 doctrinam
1632 1401 1687 1432 uni
1714 1407 1782 1432 tan—

114 1467 182 1492 tum
207 1471 280 1492 aevo
314 1461 472 1503 propriam
504 1471 569 1492 esse
600 1460 717 1502 quique
749 1458 828 1489 solos
862 1458 1036 1490 Orientales
1063 1458 1203 1501 pulchris
1236 1458 1357 1501 scriptis
1390 1458 1571 1491 excelluisse
1605 1458 1784 1490 contendit!

112 1518 193 1550 Nam
213 1518 359 1562 descripsi
385 1518 431 1561 (in
454 1518 514 1549 hoc
534 1517 627 1560 libro)
653 1517 727 1548 talia
748 1528 828 1559 quae
854 1516 973 1547 animos
996 1515 1241 1548 commovebunt
1268 1522 1299 1547 et
1322 1516 1521 1548 fascinabunt
1548 1520 1655 1560 poetas
1679 1523 1710 1548 et
1734 1523 1787 1547 εἴι-

113 1577 198 1608 t'z'bos
213 1602 221 1615 ,
247 1588 391 1620 quaeque
411 1576 449 1607 ab
473 1576 565 1607 huius
590 1576 737 1619 temporis
762 1574 963 1618 scriptoribus
981 1575 1122 1618 profecta
1146 1580 1230 1607 sunt.

158 1635 245 1667 Nihil
266 1641 370 1667 tamen
391 1635 542 1678 attingere
567 1634 650 1666 volui
674 1645 710 1665 ex
738 1633 929 1664 carminibus
954 1644 1034 1676 quae
1058 1633 1260 1677 regnantibus
1283 1633 1490 1666 Merwanidz's
1516 1640 1570 1666 aut
1601 1635 1634 1666 in
1658 1633 1783 1666 laudem

116 1694 327 1737 ‘al-Manguri
345 1693 515 1737 composita
539 1699 629 1731 sunt,
663 1691 917 1735 quandoquidem
948 1691 1151 1734 'Ibn-Farag‚
1177 1703 1213 1723 ex
1237 1691 1315 1724 urbe
1343 1692 1425 1724 Jaen
1451 1692 1621 1731 oriundus,
1648 1692 1779 1724 eandem

114 1764 208 1796 quam
232 1764 287 1796 ego
318 1752 357 1784 de
385 1753 542 1795 aequitate
564 1751 742 1795 opinionem
767 1749 891 1781 fovebat
908 1755 939 1781 et
963 1749 1045 1781 idem
1067 1749 1155 1792 quod*
1175 1761 1231 1793 ego
1251 1749 1498 1792 indignabatur;
1526 1750 1655 1782 dictavit
1678 1751 1784 1793 itaque

114 1811 151 1843 de
175 1810 314 1855 pulchris
338 1810 458 1853 scriptis
481 1810 576 1852 ipsius
599 1808 778 1851 aequalium
798 1807 939 1838 Librum
964 1807 1138 1838 hortorum
1155 1832 1164 1845 ‚
1189 1808 1221 1839 in
1247 1819 1309 1850 quo
1330 1808 1468 1839 imitatus
1493 1815 1538 1840 est
1566 1807 1682 1839 librum
1707 1819 1734 1840 c.
1761 1815 1782 1839 t.

112 1943 142 1980 5)
173 1941 297 1971 Al-ssadit
317 1945 354 1969 est
375 1940 594 1976 ·al-Hamadani,
615 1940 661 1978 qui
680 1939 733 1968 suis
752 1938 893 1978 Maqamat‘
909 1939 1034 1968 inclaruit
1056 1943 1081 1967 et
1104 1939 1328 1968 Bad120'2-zaman
1352 1938 1524 1977 (prodigium
1546 1937 1658 1973 saeculi)
1679 1946 1778 1976 cogno-

171 1996 334 2024 minabatur.

114 2050 142 2086 6)
171 2049 318 2078 'Ibn-Hilal
338 2053 376 2077 est
396 2049 562 2087 Abu-‘lshaq
581 2047 712 2077 'lbrahim
743 2047 884 2076 'ibn-Hilal
911 2047 1045 2083 Sabaeas,
1079 2047 1302 2076 celebratissimus
1321 2047 1494 2086 epistolarum
1516 2047 1650 2085 scriptor,
1674 2047 1706 2076 de
1728 2058 1781 2087 quo

173 2104 327 2141 praesertim
344 2104 378 2132 cf.
401 2103 580 2137 Chwolsohn.
602 2102 659 2130 Die
681 2102 797 2130 Ssabier
817 2101 840 2130 I.
862 2112 887 2140 p.
910 2101 969 2131 588
988 2111 1045 2141 sqq.

112 2170 140 2208 7)
172 2171 252 2200 Poe'ta
274 2167 387 2209 Co't'aijir
407 2171 560 2199 notissimus
580 2173 626 2199 εει.
667 2168 700 2198 Iu
722 2169 870 2207 proverbiis
898 2172 936 2198 est
953 2159 1054 2216 ,ζίιὲ
1077 2183 1127 2217 σς,
1154 2151 1257 2202 &i
1277 2167 1457 2206 (·al-Maidani
1479 2167 1517 2204 ΙΙ.
1540 2179 1564 2206 p.
1586 2168 1667 2204 775).
1710 2169 1780 2204 Gar-

171 2224 220 2253 wal
243 2229 279 2253 est
301 2225 470 2259 ’al-I-Iolaia,
501 2224 546 2263 qui
577 2225 664 2262 primo
694 2224 813 2252 Arabum
833 2222 938 2251 saeculo
964 2223 1056 2251 floruit
1078 2227 1103 2251 et
1135 2222 1291 2261 praesertim
1318 2225 1412 2260 satyris
1432 2222 1578 2258 incusum
1607 2223 1670 2252 hinc
1690 2223 1778 2253 istud:

171 2288 225 2306 non
246 2278 312 2316 (lupi
330 2279 425 2316 instar)
447 2277 580 2307 ululasset
606 2287 691 2316 neque
709 2276 791 2315 (cauis
812 2277 905 2316 instar)
927 2276 1064 2306 latrasset.

111 2331 142 2368 8)
172 2332 213 2360 De
228 2332 347 2369 Qa'ffida,
369 2332 573 2362 celebratissimo
593 2330 797 2367 tmditionario,
819 2332 852 2361 cf.
876 2341 901 2360 v.
919 2341 946 2370 g.
970 2329 1143 2360 ·an-Nawawi
1165 2341 1191 2369 p.
1213 2334 1252 2364 00⁸1
1274 2341 1331 2370 sqq.

190 2398 247 2428 Vol.
271 2399 323 2429 111.
1499 2398 1516 2426 9
