2127 2905
813 220 1126 256 -201—

147 321 325 360 perpetrare
348 316 461 359 poterit
485 327 565 360 quae
585 316 684 349 iubes.
710 334 754 341 —
778 316 815 349 In
837 329 882 362 sq.
903 319 1016 362 pagina
1032 344 1040 358 ‚
1066 331 1108 351 vs.
1133 321 1153 351 6
1174 330 1219 363 sq.
1245 319 1472 358 annotationis,
1499 321 1542 353 sic
1566 321 1656 365 lege:
1684 323 1803 365 quibus

144 386 344 427 sanguinem
376 383 549 426 effundere
574 389 644 416 tam
668 395 710 415 ex
731 396 822 415 more
846 389 879 416 et
903 386 1147 418 consuetudine
1171 392 1251 419 erat
1273 399 1374 430 quam
1399 387 1557 430 dactylos
1581 400 1746 434 carpere,
1772 398 1801 422 et

144 464 187 484 vs,
211 453 252 484 8:
279 451 416 494 quando
440 454 550 495 cogito
571 451 612 482 de
631 453 706 483 med
731 454 871 483 incuria
891 452 1118 495 (negligentia).

189 519 263 562 Pag.
283 521 345 557 78,
371 530 414 550 vs.
439 518 495 550 ult.
521 525 551 550 et
576 529 647 550 ann.
672 531 717 556 a,
752 530 782 561 p.
807 520 871 556 79,
907 530 950 550 vs·
982 519 1037 550 ult.
1062 520 1207 552 carminis
1240 528 1270 553 et
1294 521 1466 554 observatio
1490 523 1528 554 ad
1551 523 1637 555 hunc
1668 536 1799 557 versum.

142 590 280 623 Delenda
305 596 377 622 sunt
400 600 480 633 quae
501 589 539 622 de
563 590 674 621 ultimo
694 600 782 621 versu
808 590 977 622 observavi.
1026 591 1062 622 In
1087 597 1172 624 textu
1195 592 1362 636 legendum
1387 600 1454 625 est:
1483 582 1619 640 &⁵³:³³³
1652 602 1682 628 et
1705 597 1798 629 verba

139 653 245 703 [mg
274 662 368 714 &lya
395 675 493 717 ὀμ
521 670 637 715 μῆἰὲι·
664 671 688 702 >l
726 671 924 714 significant:
962 672 1014 703 Ne
1047 677 1102 711 tu,
1133 673 1233 705 dubio
1265 677 1398 713 animo,
1435 688 1572 708 carmen
1601 688 1706 708 meum
1731 678 1799 709 alii

140 751 239 782 quam
263 739 350 769 mz'ln‘
373 739 558 770 attribuas.
606 738 782 770 Verborum
808 750 887 782 quae
911 746 1086 783 sequuntur
1106 753 1212 773 sensus
1232 748 1298 773 est:
1326 754 1399 775 nam
1419 743 1479 776 hoc
1498 756 1623 777 carmen
1646 752 1708 778 tam
1727 747 1797 790 pul·

137 807 246 839 chrum
272 811 340 844 est,
366 811 401 837 ut
424 806 515 837 facile
540 817 556 836 a
577 805 706 837 meliore
726 806 818 849 poe'tzi
842 807 1018 849 profectum
1040 819 1106 840 esse
1132 808 1283 842 videatur.

181 878 256 921 Pag.
279 879 343 915 80,
367 888 411 909 vs.
434 880 453 909 3
478 884 509 909 et
531 888 604 909 ann.
631 879 694 915 61,
720 889 762 908 vs-
782 879 813 909 2.
863 878 1035 910 Pronuntia
1058 866 1177 926 &2322
1203 887 1234 913 et
1258 889 1360 914 verte:
1399 882 1591 915 adhaerent
1608 891 1795 929 praestan-

136 946 225 976 tibus
249 947 340 976 viris
355 970 363 983 ,
389 947 442 976 ita
466 949 505 976 ut
529 951 607 976 caet.

177 1031 221 1037 —
233 1036 241 1050 ‚
268 1024 340 1044 ann.
356 1014 409 1044 63.
458 1011 503 1044 De
517 1012 629 1044 Malico
650 1012 869 1045 ·ibn-Wohaib
888 1013 956 1046 vide
980 1025 1083 1046 meam
1101 1014 1264 1047 Histoire
1282 1017 1342 1048 des
1359 1019 1570 1051 musulmans
1591 990 1795 1065 AE'Espaqne

135 1080 187 1112 lv.
213 1092 245 1124 p.
269 1082 345 1112 252.

177 1153 252 1195 Pag.
277 1153 336 1189 81,
361 1163 405 1183 γε.
433 1154 451 1183 5
475 1163 522 1194 sq.
538 1176 546 1188 ‚
573 1158 604 1184 et
629 1163 702 1184 ann.
730 1154 784 1184 66.
834 1152 992 1184 Servanda
1017 1159 1062 1185 est
1086 1154 1178 1186 lectio
1204 1154 1327 1188 Codicis
1351 1145 1459 1206 52:⁸1.»ss
1493 1159 1562 1203 lege
1585 1141 1656 1208 {ami
1683 1141 1794 1195 sim>

130 1216 189 1266 {19
209 1213 305 1280 ‘sai-⁷1⁴,
333 1246 385 1273 εις,
411 1239 442 1264 et
466 1219 687 1275 uam-subs
736 1234 839 1266 Etiam
865 1245 949 1266 nunc
983 1234 1074 1267 credo
1090 1259 1098 1272 ,
1133 1235 1439 1270 ‘lbno-’l-Abbarum
1463 1240 1544 1272 male
1579 1243 1794 1284 pronuntiasse

130 1304 327 1356 ψῖᾄεκῶἳ,
352 1320 382 1346 et
402 1314 494 1345 nimis
517 1314 610 1357 longe
631 1316 804 1358 quaesitam
823 1326 887 1347 esse
912 1316 977 1347 eius
999 1316 1310 1359 interpretationem;
1337 1325 1383 1350 est
1403 1321 1486 1352 enim
1510 1322 1685 1362 Waxsxdl
1710 1322 1791 1354 idem

133 1401 226 1438 atque
250 1381 385 1427 uulsi-U
414 1381 520 1445 fag-isli
535 1419 545 1434 ‚
571 1395 654 1439 quod
679 1396 848 1441 praecedit.
906 1397 967 1430 Sed
992 1398 1112 1441 reliqua
1136 1409 1217 1441 quae
1241 1398 1303 1431 dixi
1326 1401 1440 1443 partim
1471 1402 1545 1434 falsa
1571 1410 1642 1435 sunt
1671 1410 1701 1436 et
1726 1416 1792 1437 ver-

131 1478 182 1508 sfis
205 1477 249 1509 sic
273 1483 344 1508 sunt
368 1476 529 1509 vertendi:

216 1545 328 1577 Nonne
364 1544 460 1577 durus
493 1546 544 1577 ‘est
574 1555 662 1576 casus
699 1544 782 1588 quod
817 1555 874 1588 ego
909 1555 1046 1577 arcessor
1080 1552 1115 1577 ut
1157 1553 1319 1590 tamquam
1355 1548 1422 1580 vilis
1453 1549 1546 1582 homo
1583 1551 1683 1583 scriba
1716 1552 1789 1584 fiam

261 1611 436 1649 mohfasibz'
449 1614 465 1643 ’.Ρ

217 1681 272 1712 Est
295 1681 467 1723 ignominia
491 1680 553 1724 qua
577 1680 718 1718 afficior,
754 1680 830 1712 dum
859 1686 965 1712 tamen
989 1680 1103 1712 nobilis
1133 1692 1213 1731 quae
1238 1682 1317 1714 mihi
1341 1684 1420 1716 inest
1450 1684 1569 1717 indoles
1602 1686 1789 1719 Laemrdz‘ca

260 1748 340 1780 nihil
365 1748 450 1780 aliud
473 1748 540 1781 vult
564 1759 658 1791 quam
681 1747 833 1779 honorem
856 1758 963 1778 meum
983 1747 1138 1779 intactum
1163 1759 1294 1781 servare.

173 1815 345 1859 Acceperat
365 1816 461 1858 igitur
483 1807 749 1849 Sarafo-’d-daula
779 1813 838 1845 sibi
872 1813 1013 1846 oblatum
1037 1825 1172 1853 munus,
1205 1823 1389 1860 paupertate
1415 1825 1539 1850 coactus
1554 1843 1562 1856 ‚
1588 1819 1639 1851 sed
1666 1823 1788 1864 quaeri-

123 1890 174 1914 tur
196 1894 227 1915 se
243 1907 251 1921 ‚
277 1883 415 1915 nobilem
440 1889 472 1915 et
494 1882 622 1915 doctum
646 1882 764 1919 virum,
789 1881 922 1913 scribam
949 1894 1014 1915 esse
1038 1883 1120 1926 apud
1144 1884 1245 1916 virum
1266 1883 1439 1916 indoctum.

168 1951 240 1994 Pag.
259 1953 318 1989 82,
345 1962 419 1982 ann.
440 1952 494 1983 67.
543 1949 613 1981 Alia
637 1949 777 1993 exempla
802 1952 848 1981 5²⁸
865 1950 984 1983 formae
1006 1950 1093 1983 verbi
1115 1950 1183 1991 AL?
1206 1958 1326 1984 exstant
1350 1952 1430 1984 infra
1454 1964 1487 1996 p.
1509 1955 1567 1985 141
1583 1976 1591 1990 ‚
1620 1966 1662 1986 τε.
1690 1958 1729 1993 5,
1755 1963 1786 1988 et

122 2018 154 2048 in
174 2017 336 2061 Wrightit'
360 2017 514 2050 Glossario
535 2016 574 2048 ad
596 2016 848 2056 'Iba-Gobairum
872 2029 905 2061 p.
927 2019 980 2051 19.

168 2107 211 2112 —
228 2114 235 2127 ,
262 2100 304 2121 vs.
324 2092 343 2122 3
369 2100 386 2121 a
410 2090 433 2122 f.
483 2088 666 2132 Legendum
689 2094 735 2121 est
753 2071 858 2138 {25⁹ss
1019 2076 1022 2080 ¹

169 2169 244 2214 Pag.
269 2172 329 2209 83,
354 2182 399 2204 vs,
421 2173 452 2204 7.
501 2171 562 2203 Hic
585 2180 689 2202 versus
713 2169 779 2202 sine
802 2169 898 2202 dubio
923 2177 1087 2216 corruptus
1110 2179 1167 2205 est.

164 2255 209 2261 -—
224 2262 233 2276 ‚
259 2249 333 2272 ann.
356 2240 410 2270 69.
458 2238 511 2270 Vs.
537 2241 556 2270 3
575 2244 606 2270 et
625 2239 644 2270 4
668 2237 712 2269 sic
735 2237 861 2281 legendi
884 2246 972 2272 sunt:

257 2305 358 2338 Multa
383 2316 464 2351 quae
483 2305 559 2338 mali
579 2305 690 2339 ominis
711 2312 782 2338 sunt
805 2306 844 2340 de
867 2308 904 2340 ea
928 2307 1069 2341 referunt
1092 2314 1287 2347 narratores,
1313 2309 1424 2342 calami

203 2388 261 2418 Vol.
282 2389 338 2420 111.
1483 2393 1520 2421 27
