2127 2905
979 213 1268 246 *ὅθ-

291 334 310 350 κ
321 321 403 352 locos
428 318 511 363 quod
536 316 573 348 ad
594 317 673 346 viam
699 313 808 343 attinet
829 311 923 341 etiam
937 321 1002 341 esse
1020 320 1128 340 eorum
1148 310 1231 340 locos
1252 307 1336 352 quod
1361 308 1472 338 attinet
1494 306 1532 338 ad
1553 307 1757 340 eruditionem
1773 319 1780 346 ;
1795 325 1840 332 -—
1853 318 1951 350 quum

291 379 415 421 «igitur
439 375 716 416 ‘al-Qairawanum
741 369 891 400 venissem
906 393 914 406 ,
940 367 1022 399 dixi:
1047 385 1088 391 —r
1116 367 1231 408 Quodsi
1252 367 1374 398 incolae
1401 365 1589 397 Andalusiae
1613 366 1722 397 eadem
1753 367 1872 399 ratione
1893 367 1949 398 he-

283 438 454 468 «betiores
475 439 544 464 sunt
565 428 736 473 quantilli,
752 439 828 471 quos
843 428 928 459 hisce
949 426 1057 458 diebus
1082 425 1164 463 vidi,
1185 425 1359 458 hebetiores
1383 432 1453 457 sunt
1469 435 1563 467 quarn
1587 424 1633 454 illi
1658 435 1734 466 quos
1757 431 1847 456 antea
1872 424 1952 455 vide-

293 506 407 529 «ηηῃ,
432 493 463 522 in
484 489 540 520 ista
566 488 690 530 regione
714 486 792 518 mihi
812 486 983 528 interprete
1009 496 1086 527 opus
1107 484 1206 516 erit.»
1255 483 1315 516 Sed
1338 495 1385 516 res
1409 483 1502 527 plane
1530 482 1619 514 aliter
1643 481 1745 514 evenit
1760 506 1768 519 ,
1793 493 1865 513 nam
1898 495 1953 515 au-

292 553 372 587 divi,
397 546 607 583 Abu-Alium,
632 546 679 576 his
699 545 830 576 narratis
851 543 1020 586 adiungere
1044 543 1170 573 solitum
1194 542 1287 573 fuisse
1316 541 1527 573 admirationis
1552 540 1803 572 testificationem
1827 548 1953 584 propter

292 607 408 651 ingenii
432 616 563 637 acumen
581 629 588 643 ,
613 604 706 635 huius
731 610 831 635 terrae
855 602 964 634 incolis
988 601 1162 644 proprium.
1211 601 1373 632 Praeterea
1403 611 1434 631 se
1470 600 1541 631 viris
1576 599 1674 630 doctis
1703 598 1847 642 Hispanis
1880 599 1952 630 sub-

294 666 413 697 trahere
432 664 550 695 solebat
570 663 624 694 uhi
646 661 862 705 disputabatur
887 666 917 692 et
938 671 1042 691 rerum
1067 670 1176 690 causae
1199 658 1428 701 indagabantur
1452 660 1482 681 20
1498 683 1506 696 ‚
1531 658 1609 689 haec
1637 657 1763 689 dicens:
1788 657 1953 689 «scientia

292 736 391 756 «mea
416 730 460 755 est
479 722 607 753 scientia
623 720 814 757 traditionis,
839 730 901 750 non
927 718 1055 749 scientia
1079 716 1308 760 indagationis3
1337 717 1468 760 accipite
1490 717 1585 759 igitur
1609 727 1626 746 a
1650 727 1699 748 me
1724 727 1803 758 quae
1837 728 1853 746 a
1880 717 1956 747 meis

295 782 479 825 «magistris
512 779 638 817 audivi,
666 790 738 809 nam
763 778 841 809 nihil
874 777 995 820 neglexi
1019 782 1054 807 ut
1077 776 1214 819 genuina
1250 781 1280 806 et
1309 786 1380 806 vera
1412 774 1532 806 tradere
1565 775 1722 817 possim.»
1781 775 1820 806 Et
1853 776 1958 806 revera

293 852 398 871 omnes
431 840 466 870 ea
496 844 596 870 aetate
629 837 837 880 agnoscebant
867 837 932 867 eius
956 846 1101 878 magnam
1130 833 1302 865 doctrinam
1319 857 1326 870 ‚
1353 839 1383 864 et
1410 832 1641 864 confitebantur
1664 844 1736 864 eum
1762 832 1917 876 permulta
1943 844 1959 862 a

294 899 447 941 magistris
472 897 535 928 fide
560 896 745 940 dignissimis
771 895 935 938 accepisse.

340 957 407 988 Nisi
431 966 554 987 vererer
572 966 611 986 ne
639 966 675 985 ea
704 965 783 996 quae
808 953 886 984 mihi
908 953 939 983 in
972 958 1109 983 mentem
1139 951 1268 982 veniunt
1294 951 1437 993 sagittam
1465 961 1566 981 meam
1595 956 1789 981 removerent
1822 961 1838 979 a
1872 949 1959 980 fovea

297 1016 396 1058 iuguli
422 1014 506 1057 scopi
531 1025 624 1056 quem
650 1014 680 1043 in
706 1012 766 1043 hoc
788 1011 867 1042 libro
887 1010 964 1041 mihi
985 1010 1145 1053 proposui,
1165 1009 1219 1040 hic
1245 1007 1398 1050 quaedam
1422 1007 1563 1038 miranda
1579 1033 1587 1045 ,
1614 1020 1693 1050 quae
1715 1008 1859 1051 Hispanis
1877 1008 1958 1039 acci-

292 1074 428 1110 derunt,
456 1078 508 1103 aut
532 1071 684 1102 nonnulla
709 1070 747 1101 ab
771 1069 806 1100 iis
831 1069 930 1100 facete
955 1074 986 1099 et
1004 1074 1112 1111 argute
1136 1066 1219 1097 dicta
1244 1076 1532 1097 commemorarem.
1581 1066 1642 1097 Sed
1674 1067 1706 1097 in
1729 1067 1794 1109 ipso
1818 1066 1897 1096 libro
1921 1066 1959 1097 de

294 1134 340 1164 his
362 1138 407 1163 sat
426 1131 525 1162 multa
549 1134 712 1161 occurrent
738 1134 767 1159 et
792 1127 882 1170 plura
903 1127 997 1158 etiam
1013 1151 1021 1163 ,
1045 1127 1070 1156 si
1091 1125 1156 1157 Deo
1181 1126 1223 1155 ita
1243 1124 1363 1167 placet,
1390 1135 1484 1166 quam
1508 1123 1682 1155 desiderare
1711 1130 1764 1154 aut
1785 1130 1961 1166 exspectare

294 1198 426 1234 poteras.
475 1189 617 1220 Fortasse
646 1197 717 1218 vero
742 1191 834 1217 erunt
858 1185 940 1215 inter
957 1184 1087 1215 lectores
1115 1184 1168 1226 qui
1189 1189 1300 1226 putent
1324 1193 1375 1213 me
1394 1182 1509 1213 multos
1539 1183 1618 1214 viros
1638 1183 1776 1215 literatos
1801 1182 1936 1212 omisisse
1951 1206 1959 1217 ‚

296 1251 442 1280 obscuros
467 1245 617 1290 quosdam
639 1254 898 1275 commemorasse
919 1249 950 1274 et
974 1242 1012 1273 de
1032 1242 1126 1273 claris
1151 1241 1295 1273 tacuisse.
1353 1240 1433 1277 Hos,
1458 1252 1498 1271 ne
1522 1247 1801 1284 praeproperanter
1832 1251 1882 1271 me
1909 1250 1959 1270 ac-

297 1314 427 1344 cusent,
454 1306 531 1337 scire
551 1304 668 1340 velim,
695 1314 744 1334 me
765 1302 850 1333 hunc
874 1301 991 1332 librum
1015 1300 1224 1342 composuisse
1260 1305 1399 1341 tempore
1432 1310 1494 1342 quo
1518 1310 1581 1330 non
1605 1299 1738 1342 amplius
1765 1298 1958 1335 honoratus,

298 1366 349 1398 sed
375 1365 534 1407 neglectus
563 1374 672 1400 eram,
666 1374 671 1379 ·
701 1372 762 1403 quo
790 1360 909 1402 gladius
933 1371 1021 1391 meus
1046 1359 1146 1390 crenis
1165 1357 1312 1401 impletus
1340 1363 1428 1396 erat;
1457 1368 1518 1400 quo
1540 1357 1657 1388 laetitia
1681 1356 1758 1388 mihi
1782 1362 1847 1387 erat
1870 1366 1960 1392 rara,

299 1432 329 1457 et
351 1435 412 1467 quo
437 1424 580 1454 iuventus
606 1422 667 1451 iam
690 1418 767 1450 mihi
788 1417 974 1449 valedixerat
1003 1416 1270 1458 discesseratque·
1264 1440 1271 1454 ‚
1298 1416 1397 1446 sciant
1424 1415 1518 1446 etiam
1541 1427 1590 1446 me
1610 1415 1696 1446 hunc
1720 1414 1837 1445 librum
1862 1413 1956 1444 colle-

299 1485 375 1525 gisse
396 1494 412 1513 e
432 1480 573 1523 dispersis
599 1485 629 1510 et
658 1477 733 1508 adeo
759 1475 879 1507 detritis
912 1475 1026 1506 chartis
1059 1474 1274 1516 excerptisque
1291 1498 1298 1510 ,
1332 1480 1366 1503 ut
1391 1473 1428 1503 ad
1452 1473 1618 1516 praeterita
1649 1472 1772 1504 saecula
1805 1472 1960 1516 pertinere

299 1541 477 1572 viderentur
501 1544 531 1569 et
556 1542 674 1568 vetusta
698 1534 903 1565 tentoriorum
936 1532 1063 1574 vestigia
1088 1531 1290 1563 similitudine
1320 1531 1495 1570 reserrent3
1523 1531 1636 1575 scripta
1658 1537 1747 1562 erant
1778 1531 1834 1562 ista
1859 1542 1876 1561 a
1901 1537 1962 1562 stu-

298 1599 377 1643 pidis
398 1596 595 1631 hominibus,
623 1604 756 1637 quorum
780 1592 887 1624 literae
913 1590 1026 1621 similes
1051 1596 1139 1621 erant
1169 1590 1248 1620 striis
1279 1590 1428 1632 serpentis
1445 1613 1452 1626 ‚
1478 1600 1508 1620 se
1539 1589 1785 1632 in·multiplices
1813 1589 1901 1620 orbes
1922 1589 1962 1619 si-

300 1657 424 1689 nuantis
442 1657 470 1678 21
487 1680 495 1691 ‚
522 1661 575 1685 aut
599 1653 799 1684 formicarum
824 1648 1000 1680 tramitibus
1023 1649 1055 1679 in
1079 1648 1154 1679 locis
1182 1648 1327 1680 ventosis.
1376 1647 1439 1679 Ubi
1468 1653 1612 1679 accurate
1641 1647 1775 1678 scribere
1799 1647 1857 1678 sibi
1879 1647 1964 1679 vide-

300 1718 414 1747 bantur
443 1714 515 1749 isti,
541 1711 688 1743 mendose
720 1709 929 1751 scripserunt3
965 1707 1018 1737 ubi
1047 1707 1181 1737 auctoris
1214 1706 1399 1737 sententiam
1423 1711 1506 1737 recte
1536 1704 1663 1736 reddere
1687 1705 1862 1748 putabant,
1897 1718 1965 1737 eam

300 1778 461 1805 mutarunt
486 1777 515 1802 et
544 1773 774 1811 corruperunt,
811 1766 853 1796 ita
886 1771 920 1796 ut
952 1765 995 1802 is,
1033 1765 1087 1807 qui
1109 1765 1242 1795 maxime
1266 1763 1304 1795 de
1334 1764 1369 1794 iis
1394 1774 1474 1806 quae
1510 1763 1623 1806 scripta
1660 1769 1731 1794 sunt
1755 1763 1964 1807 intelligendis

301 1832 462 1873 desperare
487 1827 597 1862 debet,
625 1827 661 1856 sit
697 1826 762 1868 ipse
786 1824 953 1861 librarius,
979 1829 1077 1866 utque
1112 1822 1164 1854 hic
1197 1822 1348 1865 imprimis
1379 1821 1417 1853 de
1441 1822 1581 1853 locorum
1613 1832 1704 1853 sensu
1731 1820 1843 1852 dubius
1876 1823 1913 1853 sit
1937 1829 1967 1854 et

302 1891 436 1920 incertus
458 1888 500 1918 2².
562 1885 626 1927 Ego
651 1895 722 1915 vero
747 1885 876 1914 istarum
908 1882 1113 1925 scriptionum
1143 1892 1223 1912 seras
1251 1880 1387 1917 removi,
1421 1879 1596 1922 harumque
1626 1877 1751 1910 vincula
1782 1886 1812 1912 et
1844 1887 1967 1912 catenas

304 1998 352 2032 20)
384 1996 413 2024 3²⁴
432 1996 518 2024 forma
534 1995 609 2023 verbi
630 1998 711 2038 0332}
735 1993 832 2022 Lexico
852 1991 970 2020 addenda
991 1995 1039 2020 est.

304 2051 409 2103 203
410 2049 454 2082 μς
477 2053 514 2078 est
536 2059 585 2088 P¹¹⁰
607 2047 737 2098 βψς,
759 2046 831 2085 quod
850 2049 888 2074 est
908 2046 1041 2084 epitheton
1064 2046 1207 2084 serpentis,
1227 2054 1241 2072 a
1265 2045 1344 2073 verbo
1365 2044 1432 2093 β).

306 2105 357 2140 22)
387 2105 459 2132 Haec
475 2104 632 2142 significatio
657 2102 716 2130 10ue
741 2100 841 2128 formae
861 2100 936 2128 verbi
957 2101 1014 2148 υἱ)
1038 2099 1135 2128 Lexico
1155 2098 1275 2127 addatur.
1298 2115 1337 2121 —
1359 2098 1439 2127 Vides
1463 2098 1516 2126 iam
1533 2098 1607 2127 'I-bn
1612 2099 1763 2127 Bassamum
1786 2107 1914 2135 quaerere
1935 2097 1967 2126 de

384 2159 558 2187 librariorum
576 2157 695 2194 ineptiis,
719 2155 877 2193 ipsumque,
911 2157 941 2182 ut
962 2164 992 2182 ex
998 2124 1188 2191 ²sequentihus
1210 2155 1298 2190 patet,
1331 2155 1416 2180 artem
1438 2153 1557 2181 criticam
1577 2153 1732 2181 exercuisse.
1775 2150 1976 2179 Recentiorum

386 2212 505 2240 Arabum
528 2211 576 2239 hac
594 2211 626 2239 de
643 2220 671 2239 re
685 2208 809 2248 querelae
826 2207 925 2236 multae
945 2211 1017 2236 sunt.
1060 2207 1151 2235 Unum
1171 2206 1299 2235 adducam
1321 2206 1489 2245 exemplum,
1507 2217 1538 2236 ex
1559 2206 1673 2235 secunda
1692 2208 1765 2244 parte
1784 2204 1971 2244 ‘al-Maqqarii

386 2279 583 2318 depromptum.
625 2285 699 2310 ais-n
719 2277 822 2327 stabul
851 2261 989 2326 ῑςὶῑ-ιὶἇὲῖ
1022 2263 1178 2325 ζροἱ-Ξῖἑὲἳ
1207 2264 1318 2308 ιλ-ῖὲυο
1345 2289 1399 2324 04
1428 2281 1520 2316 &gam
1548 2260 1588 2322 gl
1617 2272 1718 2322 &2055
1747 2272 1834 2321 Oba-5
1861 2272 1968 2321 OEK>,

1206 2343 1318 2384 vissedi
1348 2341 1415 2375 ³329
1443 2341 1512 2390 ⁸53AE
1539 2343 1624 2392 ἕλε,
1651 2342 1706 2382 agli
1734 2341 1830 2391 ³⁴⁰⁴)ss
1861 2341 1968 2373 Litai—„2
