2127 2905
1008 203 1320 237 —174—-

337 302 420 336 oculi
449 305 513 335 eius
541 311 683 336 osorum,
712 288 744 330 in
768 298 870 331 medio
899 305 994 342 ponte
1018 300 1130 330 manus
1156 300 1277 332 coelum
1312 312 1414 333 versus
1439 302 1615 341 sustulisse,
1653 312 1812 347 precatum
1844 307 1937 339 fuisse
1961 315 1992 340 et

339 373 418 404 inter
444 370 502 401 alia
526 369 603 400 haec
631 367 756 399 dixisse:
798 365 857 398 «Ο
884 365 984 398 Deus!
1018 366 1114 399 veluti
1149 374 1183 399 tu
1212 369 1278 400 eius
1314 376 1383 401 vota
1413 376 1520 402 contra
1551 381 1605 402 nos
1638 371 1840 411 exaudivisti,
1884 374 1991 406 exaudi

339 445 471 470 «nostra
503 441 610 467 contra
638 436 762 467 eum!»
819 432 1032 478 Quadraginta
1068 434 1131 467 dies
1161 443 1229 479 post
1261 438 1291 468 in
1328 438 1428 470 insula
1457 430 1547 471 Saliis
1573 438 1656 471 diem
1687 450 1866 483 supremum
1895 442 1993 479 obiit,

340 505 450 537 divitiis
476 514 551 546 quas
572 501 749 546 possederat
773 503 935 545 privatus3
974 502 1116 535 laudatus
1153 505 1190 536 sit
1222 505 1275 537 ille
1304 507 1357 549 qui
1383 506 1463 538 solus
1495 513 1638 539 aeternus
1663 513 1730 544 est,
1764 518 1814 540 rex
1842 514 1942 539 terrae
1966 520 1998 544 et

339 574 438 608 coeli!
487 572 670 606 Manserunt
694 570 759 602 eius
783 571 897 614 posteri
920 572 964 595 138
989 572 1021 602 in
1045 571 1098 603 illa
1122 572 1222 603 insula
1239 597 1246 610 ,
1278 574 1383 617 ibique
1408 576 1549 607 vixerunt
1574 586 1629 618 per
1654 575 1803 607 maiorem
1828 576 1914 618 regni
1941 576 1996 606 ·al-

340 639 516 676 Most'amidz'
538 644 676 683 partem,
702 637 777 670 dum
799 638 942 671 fortunae
970 640 1058 671 casus
1083 650 1133 672 eos
1153 641 1380 684 postponebant
1403 649 1432 675 et
1453 642 1694 686 deprimebant,
1721 650 1906 686 tempusque
1931 654 1996 674 sae-

342 701 411 753 pffis
435 720 486 742 eos
510 705 697 740 humiliabat
722 717 816 748 quam
840 706 992 739 elevabat.

387 843 535 886 Sequitur
560 842 591 872 in
613 839 727 872 Codice
748 840 833 871 locus
857 840 1083 884 'Ibu-I-{aijam's
1099 867 1106 879 ‚
1133 848 1194 874 tam
1222 843 1331 875 misere
1356 849 1518 887 corruptus
1543 850 1573 876 et
1594 844 1685 876 tantis
1712 844 1830 875 lacunis
1854 850 1998 881 vexatus,

344 919 376 944 ut
401 912 466 944 sine
490 909 626 943 melioris
655 907 778 941 Codicis
805 919 864 951 ope
888 908 938 941 edi
962 920 1024 942 non
1056 909 1173 953 possit,
1207 911 1238 942 in
1270 921 1333 955 quo
1368 912 1483 944 dicitur
1519 925 1623 957 regem
1654 913 1773 948 Toleti‚
1811 911 1998 943 debilissimo

342 982 422 1013 hosti
446 981 596 1023 imparem
612 1003 620 1016 ,
645 978 677 1009 in
702 988 754 1008 ora
777 977 942 1009 hominum
973 989 1028 1021 pro
1058 977 1192 1010 ludibrio
1218 978 1327 1012 abiisse
1343 1005 1350 1017 ,
1384 987 1415 1012 et
1446 980 1580 1013 breviter
1605 987 1764 1018 narratur,
1790 979 1999 1019 Gahwaridas·

342 1050 380 1081 ab
405 1046 639 1091 Hispalensibus
663 1045 792 1088 irnperio
817 1056 881 1077 esse
905 1046 1048 1088 privatos.

346 1202 412 1239 138)
440 1203 510 1232 Haec
525 1202 683 1242 significatio
701 1202 771 1231 vocis
794 1202 867 1234 &Simu
889 1201 988 1231 Lexico
1008 1202 1130 1231 addatur.
