2127 2905
614 505 849 547 CAPUT
891 505 1230 550 DECIMUM
1271 507 1630 551 TERTIUM.

342 811 519 854 Antequam
544 822 627 843 meas
654 809 934 842 animadversiones
972 811 1009 842 ad
1038 817 1157 843 textum
1187 812 1280 843 huius
1314 813 1424 855 capitis
1455 813 1638 851 exhibeam,
1676 814 1768 846 liceat
1805 815 1958 857 quaedam

296 879 450 922 praefari,
485 890 564 922 quae
597 885 664 909 tum
696 877 734 909 ad
766 878 825 910 hoc
857 885 968 921 caput,
1001 885 1069 910 tum
1094 879 1132 911 ad
1152 887 1297 924 excerpta
1322 892 1358 912 ex
1382 881 1463 912 libro
1489 893 1515 913 c.
1538 888 1560 912 t.
1589 881 1934 921 ἀῖ-ΒααςΞοἸ-γηϋίᾶν
1951 907 1958 919 ,

296 959 375 989 quae
397 947 479 991 apud
504 946 759 989 ·al-Maqqar1um
783 946 931 990 leguntur
956 946 1030 989 (mei
1053 947 1124 979 libri
1151 948 1221 980 Vol.
1245 949 1286 980 II.
1312 960 1341 992 p.
1368 951 1431 981 236
1455 950 1537 992 sqq.)
1553 974 1560 987 ,
1586 955 1738 992 spectant.

340 1015 458 1047 Notum
477 1021 521 1047 est
546 1015 712 1053 omnibus,
736 1015 851 1058 primas
875 1014 1050 1058 praeclaras
1078 1015 1296 1047 Moslimorum
1322 1017 1465 1048 victorias
1494 1029 1601 1048 ansam
1632 1016 1751 1049 dedisse
1776 1017 1862 1049 libris
1887 1028 1963 1049 non-

294 1084 403 1121 nullis,
430 1093 499 1114 vera
524 1083 637 1114 sabulis
657 1084 752 1114 mixta
776 1082 1008 1114 continentibus
1033 1089 1063 1115 et
1087 1089 1226 1127 tempore
1247 1083 1480 1127 expeditionum
1505 1086 1735 1123 cruciatarum,
1763 1092 1797 1117 ut
1821 1085 1959 1123 videtur,

296 1153 437 1195 scriptis,
465 1152 518 1195 qui
551 1151 589 1182 ab
626 1152 764 1194 ipsornm
802 1151 980 1183 auctoribus
1016 1151 1151 1194 antiquis
1187 1151 1359 1190 historicis,
1398 1152 1627 1196 ·al—Waqidio‚
1662 1153 1901 1195 'Ibn-Qo't'aibae
1924 1157 1960 1192 1,

296 1223 420 1252 sortasse
447 1221 541 1252 etiam
569 1219 656 1257 aliis,
683 1219 886 1257 tribuuntur3
912 1219 1016 1250 minus
1040 1230 1111 1250 vero
1136 1226 1246 1252 notum
1274 1228 1338 1259 est,
1364 1222 1459 1253 etiam
1482 1221 1644 1253 historiam
1666 1221 1816 1253 seriorum
1840 1227 1961 1264 tempo—

295 1302 362 1321 rum
395 1290 450 1319 isto
476 1287 568 1319 modo
592 1293 757 1319 tractatam
782 1299 866 1326 esse,
904 1293 998 1330 atque
1023 1287 1128 1330 itaque
1153 1298 1278 1319 omnem
1311 1289 1375 1321 sere
1403 1289 1563 1322 historiam
1591 1289 1809 1320 -islamitccam
1834 1301 1958 1333 progre-

293 1359 396 1390 diente
422 1364 561 1400 tempore
582 1357 614 1386 in
638 1356 778 1387 fabulam
802 1355 921 1387 abiisse.
970 1353 1070 1386 Huius
1091 1360 1196 1387 tamen
1227 1356 1271 1387 rei
1303 1354 1587 1389 luculentissimum
1609 1357 1786 1400 exemplum
1810 1356 1961 1389 habemus

294 1427 325 1456 in
350 1425 478 1455 historia
499 1422 589 1454 Jasof
611 1418 834 1454 ·ibn-'I'esusin2·
849 1447 856 1459 ‚
887 1422 925 1453 de
949 1423 1010 1464 qua
1035 1422 1153 1454 scilicet
1176 1423 1249 1455 libri
1273 1424 1379 1467 scripti
1405 1430 1497 1462 sunt,
1523 1425 1555 1455 in
1582 1425 1695 1468 quibus
1711 1449 1719 1463 ,
1746 1435 1844 1468 aeque
1870 1436 1905 1456 ac
1930 1426 1961 1455 in

293 1489 663 1532 Pseudo-Waqidiam's‚
689 1490 771 1522 facta
798 1490 930 1527 sabulis,
967 1501 1039 1521 vera
1064 1491 1306 1529 commentitiis,
1333 1492 1469 1535 genuina
1494 1492 1604 1535 spuriis
1628 1492 1722 1524 mixta
1748 1500 1830 1525 sunt.
1881 1493 1960 1525 Con-

293 1561 393 1591 tinent
425 1558 518 1589 miras
553 1558 768 1596 narrationes,
794 1557 912 1589 somnia
928 1582 935 1595 ‚
961 1557 1132 1594 miracula,
1169 1557 1313 1599 epistolas
1337 1558 1446 1596 fictas,
1485 1560 1623 1591 carmina
1649 1562 1753 1604 spuria
1770 1586 1778 1599 ‚
1805 1573 1959 1594 sermones

291 1636 320 1661 et
343 1628 479 1670 dialogos
502 1626 733 1669 supposititios,
760 1626 906 1669 antiquae
923 1625 1092 1668 sapientiae
1117 1624 1284 1656 Orientalis
1309 1626 1443 1669 speciem
1467 1638 1541 1669 prae
1559 1639 1590 1659 se
1615 1628 1748 1660 ferentes
1764 1654 1772 1667 ,
1798 1636 1828 1661 et
1850 1631 1957 1661 nitun—

291 1705 341 1727 tur
365 1694 550 1726 auctoritate
578 1695 726 1731 testium,
752 1694 807 1736 qui
837 1693 1008 1729 dicuntur,
1041 1692 1239 1730 ocularium,
1274 1703 1408 1735 quorum
1438 1696 1566 1726 nomina
1592 1696 1790 1739 produntur,
1828 1697 1880 1728 sed
1907 1699 1959 1740 qui

290 1774 452 1806 nunquam
473 1763 666 1794 exstiterunt.
715 1761 756 1794 Hi
781 1760 872 1799 libri,
899 1771 1033 1804 quorum
1053 1760 1150 1801 stylus
1175 1760 1325 1803 pessimus
1350 1768 1442 1793 estet
1465 1762 1503 1792 ad
1522 1762 1659 1794 taedium
1687 1774 1786 1806 usque
1804 1764 1956 1807 prolixus,

292 1831 453 1875 compositi
489 1837 560 1861 sunt
592 1830 701 1862 eodem
736 1830 864 1861 consilio
901 1835 995 1872 atque
1027 1828 1378 1872 Pseudo-Waqidianz‘,
1416 1841 1528 1873 nempe
1557 1836 1591 1861 ut
1618 1830 1836 1863 Moslimorum
1869 1834 1959 1865 ardor

295 1901 422 1933 bellicus
444 1899 630 1930 excitaretur
654 1909 826 1942 eorumque
855 1897 961 1929 odium
995 1903 1104 1928 contra
1127 1896 1318 1930 Christianos
1343 1905 1528 1937 acueretur;
1557 1909 1650 1941 quam
1677 1898 1717 1930 ob
1747 1911 1870 1931 causam
1900 1901 1956 1932 ho-

292 1982 359 2001 rum
385 1968 488 2000 clades
511 1973 541 1999 et
565 1966 690 1998 illorum
715 1966 862 1998 victoriae
887 1964 1018 1998 ridicule
1042 1972 1276 2009 exaggerantur.

337 2035 513 2069 Istiusmodi
538 2035 729 2066 narrationes
749 2034 900 2066 habemus
928 2034 960 2065 in
985 2034 1087 2071 libro,
1112 2034 1151 2065 ab
1181 2041 1308 2066 auctore
1337 2045 1492 2076 anonymo
1518 2035 1549 2066 in
1576 2036 1652 2068 urbe
1680 2036 1850 2079 ‘al-Mancil
1875 2047 1955 2068 anno

294 2107 355 2136 579
389 2104 578 2148 composito,
605 2114 634 2135 c.
659 2109 682 2134 t.
710 2101 903 2134 ·al-Mo.-rz'6
927 2104 1117 2134 :an-sirati
1147 2103 1267 2134 melikz'
1286 2102 1473 2146 'l-stloegrz'b
1499 2102 1533 2145 (i.
1557 2115 1582 2136 e.
1610 2103 1680 2136 Vita
1705 2104 1799 2136 Jusof
1820 2099 1956 2135 ibn-'1³5-

292 2174 399 2215 sufini)
417 2197 425 2211 ‚
450 2173 538 2204 cuius
559 2171 733 2215 fragmenta
757 2176 876 2203 exstant
901 2170 984 2214 apud
1007 2165 1282 2203 'Iba—Gallicanem
1307 2171 1352 2214 (in
1373 2171 1435 2203 vita
1460 2171 1579 2215 Jfisost)
1605 2178 1635 2204 et
1664 2171 1746 2214 apud
1772 2171 1955 2216 ·al-Maqqa—

315 2316 340 2350 l)
364 2313 430 2342 Vide
451 2323 521 2342 meas
541 2313 714 2343 Recherclzes
735 2312 760 2343 Ι.
781 2323 808 2351 p.
833 2312 870 2341 29
891 2322 950 2352 sqq.
973 2312 1014 2344 ed,
1036 2313 1082 2342 alt.
