2127 2905
996 210 1166 246 ——68
1214 230 1282 237 -.

305 313 387 344 volui
408 319 442 344 ut
468 318 561 343 terras
586 314 762 355 peragraret
795 313 825 338 et
848 306 1064 338 itinerantium
1088 312 1229 337 catervae
1260 317 1332 338 eum
1357 317 1462 338 secum
1485 314 1655 350 portarent.
1702 310 1758 341 Est
1775 316 1891 342 -autem
1913 311 1964 347 ei,

303 384 338 404 cx
359 372 485 402 nomine
506 370 587 401 illius
612 370 643 399 in
660 367 747 398 cuius
772 365 904 408 gratiam
931 365 1079 396 collectus
1100 371 1130 396 et
1151 365 1239 396 cuius
1267 365 1422 397 maiestati
1453 365 1574 397 oblatus
1597 373 1665 404 est,
1691 379 1748 399 acu
1772 368 1891 411 pictum
1916 380 1966 399 or-

304 436 485 461 namentum
513 437 572 469 quo
597 426 650 456 fiet
670 430 705 454 ut
729 424 794 455 eius
817 424 919 454 forum
940 423 1086 466 frequens
1107 424 1146 454 sit
1166 430 1196 455 et
1215 429 1249 454 ut
1273 424 1338 454 eius
1370 424 1437 454 iura
1454 448 1461 461 ,
1489 431 1647 456 annuente
1667 436 1787 456 summo
1815 427 1963 463 numine,

305 500 366 518 non
390 490 528 529 pereant.

349 543 442 575 Divisi
463 542 552 572 illum
576 541 608 572 in
634 547 767 583 quatuor
787 547 889 584 partes
905 565 912 578 ,
940 551 1071 583 quarum
1096 541 1197 583 prima
1217 541 1280 583 agit
1303 539 1341 571 de
1374 540 1450 572 urbe
1476 539 1619 572 Corduba
1644 547 1673 572 et
1694 540 1732 572 de
1755 541 1875 573 mediae
1894 542 1965 572 His-

305 603 412 645 paniae
438 599 639 642 regionibus,
673 610 753 641 quae
777 599 852 630 huic
883 598 952 629 urbi
978 599 1129 629 finitimae
1161 604 1257 636 sunt3
1285 598 1424 630 continet
1447 599 1588 630 historias
1618 605 1648 630 et
1678 599 1839 642 complura
1864 599 1965 642 capita

305 660 341 690 «le
365 658 578 702 principibus,
605 656 722 688 eximiis
749 655 875 687 Ca't'ibz's
896 663 927 688 et
950 657 1049 699 poetis
1064 681 1072 695 ,
1099 668 1232 699 quorum
1250 657 1376 688 nomina
1396 657 1474 688 haec
1498 664 1591 688 sunt:

401 776 552 817 (omisso
578 774 691 805 indice
707 798 714 811 ‚
740 776 801 815 quc¹
824 775 980 804 versione
1004 785 1069 804 non
1095 772 1228 815 indiget
1245 797 1253 810 ,
1279 773 1449 815 adfinem
1468 773 1714 817 praefationis
1733 773 1869 817 perge.)

351 894 439 936 Elegi
462 893 494 924 in
518 893 696 924 universum
721 892 837 935 optima
862 896 1006 934 poemata
1027 898 1058 923 et
1082 891 1175 933 selegi
1198 891 1474 933 praestantissimas
1509 892 1690 934 scriptiones
1706 915 1714 928 ,
1740 891 1844 921 omnia
1870 892 1969 933 capita

306 960 331 983 et
358 963 464 983 omnes
493 951 565 982 libri
588 957 689 993 partes
720 950 840 992 polivi3
875 950 971 980 fusior
995 956 1025 980 et
1049 949 1196 992 prolixior
1220 954 1342 979 tantum
1376 948 1421 978 fui
1446 948 1499 979 ubi
1532 960 1562 980 se
1587 948 1700 980 obtulit
1736 949 1857 991 insigne
1882 959 1976 991 argu--

305 1017 445 1042 mentum
478 1021 612 1052 quocum
646 1008 791 1039 notabilis
823 1008 949 1038 historia
983 1008 1148 1039 coniuncta
1181 1013 1246 1038 erat
1275 1013 1306 1037 et
1335 1006 1372 1037 de
1409 1017 1470 1048 quo
1499 1007 1599 1037 inulta
1622 1012 1766 1050 poe'mata
1803 1006 1969 1037 habebam.

305 1070 387 1100 Fieri
410 1075 515 1100 tamen
535 1074 636 1111 potest
655 1074 688 1098 ut
712 1066 870 1097 interdum
897 1066 1044 1097 obscuros
1064 1055 1177 1109 poetas
1198 1075 1460 1101 commemorem,
1491 1071 1520 1096 et
1546 1066 1683 1095 carmina
1699 1090 1707 1102 ,
1734 1077 1812 1107 quae
1837 1065 1969 1108 explica-

305 1128 387 1158 tione
412 1127 571 1169 indigent,
596 1126 723 1158 recitem
739 1150 746 1162 ,
773 1124 825 1155 sed
846 1136 908 1155 non
929 1125 994 1155 sine
1015 1125 1093 1155 iusta
1117 1124 1229 1160 causa,
1255 1129 1308 1153 aut
1335 1123 1408 1165 quia
1433 1122 1492 1153 hac
1523 1123 1595 1154 data
1616 1124 1848 1166 opportunitate
1872 1122 1970 1154 histo-

304 1187 381 1215 riam
402 1185 558 1227 quandam
591 1195 735 1215 enarrare
764 1182 915 1213 volebam.
978 1183 1059 1232 Fieri
1090 1188 1190 1225 potest
1219 1187 1254 1211 ut
1285 1181 1363 1211 viros
1393 1180 1542 1223 quosdam
1573 1192 1815 1212 commemorem
1846 1188 1973 1224 propter

306 1245 417 1274 samam
443 1254 535 1285 quam
573 1241 703 1272 assecuti
739 1247 832 1278 sunt,
870 1252 932 1271 non
969 1247 1096 1284 propter
1123 1240 1344 1283 praestantiam
1375 1244 1557 1282 poematum
1592 1251 1672 1282 quae
1704 1245 1970 1283 composuerunt,

307 1309 401 1343 utque
430 1301 519 1337 aliis,
557 1306 683 1342 propter
712 1310 819 1330 eorum
850 1299 1002 1342 gloriam,
1035 1299 1170 1341 primum
1202 1299 1306 1329 locum
1338 1298 1530 1335 concedam,
1568 1309 1758 1341 quamquam
1784 1298 1972 1329 recentiores

305 1361 376 1390 sint.
426 1359 531 1401 Incepi
563 1370 580 1388 a
613 1358 758 1396 Ca'tibz's,
785 1358 857 1400 quia
892 1357 926 1387 hi
948 1358 1027 1388 inter
1051 1357 1291 1388 virosditeratos
1315 1357 1476 1399 praecipui
1502 1363 1597 1395 sunt;
1637 1369 1653 1387 a
1678 1358 1739 1399 qua
1761 1357 1869 1387 norma
1902 1361 1972 1385 tan-

308 1425 372 1448 [um
397 1417 507 1448 deflexi
535 1415 589 1447 ubi
620 1417 663 1447 rei
687 1416 831 1458 publicae
865 1415 1126 1446 administratores
1159 1415 1424 1446 commemorandi
1460 1421 1548 1447 erant
1573 1415 1621 1446 vel
1650 1415 1743 1446 aliam
1772 1415 1810 1445 ob
1836 1425 1969 1444 causam.

306 1477 445 1507 Primum
469 1475 506 1506 de
531 1475 566 1505 iis
593 1474 842 1505 Cordobensibus
867 1474 916 1515 egi
945 1474 998 1515 qui
1024 1473 1061 1502 ad
1090 1473 1206 1514 regiam
1234 1473 1355 1513 Qorais'z'
1384 1475 1512 1517 stirpem
1536 1473 1735 1517 pertinebant
1762 1479 1793 1503 et
1816 1472 1869 1502 illo
1894 1478 1971 1503 tem-

304 1547 378 1578 pore
400 1535 560 1565 literarum
584 1532 684 1562 studio
710 1532 944 1569 inclaruerunt3
972 1530 1083 1561 deinde
1107 1531 1214 1561 transii
1236 1530 1274 1561 ad
1298 1531 1366 1562 illos
1392 1532 1446 1574 qui
1470 1532 1526 1562 sub
1551 1543 1659 1563 eorum
1682 1531 1812 1574 imperio
1845 1541 1970 1573 rempu-

305 1594 419 1624 blicam
444 1590 701 1622 administrabant
732 1596 784 1620 aut
804 1601 912 1620 eorum
945 1589 1035 1620 rebus
1070 1589 1162 1632 gestis
1188 1589 1319 1620 immixti
1356 1596 1464 1628 erant3
1498 1596 1565 1620 tum
1590 1590 1627 1620 ad
1653 1596 1805 1627 weziros,
1839 1596 1905 1620 tum
1935 1588 1971 1619 ad

307 1652 462 1695 principes
487 1654 593 1692 poetas
609 1674 616 1687 ‚
642 1655 672 1679 et
697 1648 831 1691 denique
853 1648 890 1678 ad
911 1647 979 1678 illos
1004 1649 1057 1690 qui
1080 1659 1178 1691 pauca
1204 1649 1342 1679 carmina
1363 1655 1614 1690 composuerunt.
1664 1648 1783 1679 Eodem
1802 1647 1894 1678 modo
1919 1648 1968 1689 egi

304 1712 335 1741 in
355 1708 544 1750 unaquaque
563 1707 663 1750 operis
685 1712 796 1749 parte;
824 1707 940 1749 incipio
966 1717 982 1736 a
1007 1706 1199 1749 principibus
1224 1713 1254 1737 et
1277 1713 1353 1737 tunc
1379 1710 1500 1738 transeo
1523 1706 1561 1737 ad
1585 1712 1721 1737 caeteros
1742 1717 1778 1737 eo
1803 1717 1897 1748 quem
1921 1706 1971 1736 in-

305 1769 404 1799 dicavi
435 1766 542 1797 ordine
571 1771 601 1796 et
630 1766 747 1796 servata
784 1765 922 1807 capitum
952 1763 1100 1795 divisione
1123 1775 1217 1806 quam
1248 1766 1384 1807 exposui.
1440 1765 1476 1796 In
1500 1765 1536 1795 iis
1563 1770 1667 1796 autem
1699 1774 1779 1806 quae
1802 1763 1913 1805 ‚dicam
1940 1770 1969 1795 et

306 1827 416 1857 faciam
443 1824 506 1855 solo
530 1823 588 1855 Dei
613 1823 726 1853 auxilio
751 1823 854 1861 nitor;
883 1833 944 1853 non
970 1828 1014 1854 est
1039 1822 1121 1854 Deus
1141 1829 1264 1865 praeter
1287 1822 1399 1853 illum!

350 1944 386 1974 In
418 1942 477 1973 hac
508 1941 717 1985 praefatione,
753 1946 786 1971 ut
818 1940 923 1977 vides,
961 1951 1075 1971 nomen
1107 1941 1190 1972 illius
1220 1941 1270 1971 cui
1301 1940 1510 1971 ‘lton-Bassam
1549 1940 1664 1971 librum
1692 1951 1783 1971 suum
1815 1939 1969 1971 dedicavit

308 2012 463 2045 quemque
491 2000 664 2043 magnificis
693 1998 837 2030 laudibus
876 1998 985 2034 effert,
1021 2010 1198 2042 expressum
1234 2010 1296 2029 non
1332 2004 1400 2036 est3
1441 1997 1492 2029 sed
1525 1997 1780 2041 quandoquidem
1816 1998 1969 2029 Arabibus

307 2059 505 2104 ‚scriptoribus
525 2070 591 2090 mos
620 2064 685 2089 erat
708 2064 742 2088 ut
765 2057 824 2088 hoc
845 2057 1006 2093 facerent,
1033 2057 1171 2100 suspicor
1191 2058 1285 2088 etiam
1306 2057 1569 2088 'Ibmssassamum
1588 2056 1647 2087 hoc
1668 2056 1775 2088 fecisse
1800 2063 1830 2088 et
1854 2068 1968 2089 nomen

308 2120 453 2163 principis
478 2118 628 2160 scriptum
653 2116 746 2147 fuisse
774 2127 810 2147 eo
836 2116 904 2147 loco
937 2126 998 2158 quo
1023 2115 1055 2146 in
1081 2114 1196 2147 Codice
1228 2127 1321 2158 quem
1345 2115 1473 2146 adhibui
1505 2120 1550 2146 est
1581 2114 1694 2146 lacuna
1717 2114 1822 2158 (supra
1845 2126 1878 2157 p.
1907 2117 1966 2151 45,

310 2191 349 2209 vs.
375 2178 420 2219 8).
468 2177 546 2208 Rem
575 2176 617 2207 sic
645 2175 723 2206 mihi
754 2185 914 2218 propono:
942 2173 1086 2204 librarius
1110 2172 1232 2205 Codicis
1251 2186 1285 2205 ex
1306 2185 1367 2217 quo
1391 2173 1494 2205 Codex
1519 2173 1576 2205 Gl.'¹
1600 2173 1687 2205 Mohl
1710 2173 1881 2216 descriptus
1902 2180 1966 2211 est,

309 2247 420 2267 nomen
445 2235 605 2278 proprium
626 2234 747 2270 omisit,
775 2233 847 2276 quia
868 2232 947 2264 illud
967 2232 1079 2264 deinde
1104 2233 1200 2264 minio
1225 2239 1256 2264 et
1280 2232 1495 2276 grandioribus
1524 2231 1755 2263 characteribus
1784 2231 1895 2263 addere
1919 2243 1969 2263 vo—

310 2295 415 2332 lebat3
444 2293 526 2337 quod
550 2300 655 2324 tamen
688 2303 786 2335 quum
820 2291 932 2323 deinde
968 2292 1157 2335 neglexerit,
1183 2292 1301 2324 sactum
1321 2298 1366 2324 est
1395 2297 1428 2323 ut
1451 2291 1594 2322 librarius
1616 2289 1738 2322 Codicis
1762 2291 1858 2323 nostri
1882 2291 1968 2322 lacu-

312 2365 381 2385 nam
406 2354 436 2383 in
461 2364 514 2384 suo
537 2352 705 2395 archetypo
728 2350 891 2383 invenerit.
