2127 2905
643 646 1341 706 PRAEFATIO.

249 1053 375 1089 Alteri
406 1052 595 1088 volumini
624 1051 755 1099 operis
794 1051 869 1085 mei
907 1049 955 1084 de
997 1049 1226 1093 Abbadidis‚
1270 1050 1378 1097 quod
1416 1061 1517 1086 anno
1555 1052 1647 1089 1852
1687 1052 1790 1087 edidi
1810 1081 1819 1095 Ι.

152 1125 313 1179 tertium
351 1142 564 1189 aliquando
599 1153 863 1185 accessurum,
902 1152 1029 1188 neque
1062 1141 1225 1177 lectores
1267 1146 1525 1188 putaverant,
1569 1154 1694 1190 neque
1737 1145 1818 1191 ipse

149 1234 367 1281 suspicatus
391 1243 517 1275 eram3
553 1238 797 1281 quapropter
830 1232 966 1280 paucis
1003 1243 1138 1266 causas
1170 1214 1364 1279 explicare
1395 1234 1535 1276 liceat,
1576 1245 1700 1280 quare
1733 1247 1818 1282 ope-

149 1325 207 1367 ri,
235 1324 343 1372 quod
365 1324 590 1360 absolutum
617 1324 847 1367 videbatur,
877 1333 981 1358 nunc
1007 1322 1319 1369 supplementum
1342 1323 1558 1370 adiungere
1593 1325 1722 1359 visum
1754 1327 1815 1360 sit.

246 1415 296 1450 Et
328 1414 501 1462 primum
534 1413 694 1461 quidem
731 1413 907 1449 locorum
945 1412 1229 1456 Arabicorum,
1270 1425 1292 1447 a
1322 1424 1382 1448 me
1417 1413 1636 1458 editorum,
1666 1417 1816 1463 copiam

148 1515 292 1551 augere
324 1505 514 1540 volebam.
575 1505 668 1540 Nam
709 1514 833 1551 quum
868 1514 940 1551 per
972 1503 1108 1551 plures
1149 1514 1271 1539 annos
1314 1504 1446 1539 nullus
1491 1505 1598 1540 locus
1638 1506 1817 1542 inventus

147 1600 268 1639 esset,
298 1596 367 1643 qui
398 1597 502 1632 libro
536 1607 622 1632 meo
658 1596 794 1631 fuisset
821 1594 1053 1638 addendus,
1096 1599 1296 1642 repertum
1332 1601 1389 1631 est
1423 1596 1595 1643 primum
1632 1576 1813 1633 Ibn—Bars-

145 1687 242 1722 sami
273 1687 474 1728 volumen,
514 1689 622 1738 quod
663 1687 719 1722 Cl.
757 1686 867 1722 Mohl
902 1686 1097 1738 possiden·
1133 1687 1203 1732 qui
1241 1698 1342 1722 anno
1391 1688 1483 1724 1861
1524 1687 1680 1723 ineunte
1716 1688 1813 1723 illud

146 1777 419 1813 humanissime
457 1777 554 1813 mihi
587 1777 863 1813 commodavit.
931 1776 978 1811 In
1009 1789 1088 1823 quo
1124 1778 1320 1812 volumine
1353 1777 1481 1812 inveni
1518 1778 1726 1813 nonnullos
1761 1781 1813 1813 lo-

145 1879 209 1903 cos
247 1868 297 1902 ad
340 1868 562 1903 Abbadidas
609 1873 847 1916 spectantes,
888 1879 985 1912 quos
1021 1868 1169 1914 publici
1214 1868 1315 1903 iuris
1362 1867 1490 1902 facere
1533 1880 1651 1914 quam
1697 1872 1813 1904 maxi-

144 1969 204 1993 me
240 1960 447 2005 optabam,
486 1959 610 2005 iisque
644 1958 926 2006 praefationem
961 1958 1053 1993 satis
1095 1959 1250 2005 longam
1285 1959 1614 2005 praemittendam
1649 1971 1728 1995 esse
1762 1962 1814 1995 vi—

145 2048 293 2084 debam.

242 2138 359 2174 Multi
405 2145 610 2187 praeterea
647 2141 808 2178 Codices
850 2147 938 2189 post
977 2142 1125 2177 editum
1170 2153 1298 2178 meum
1342 2141 1523 2177 volumen
1562 2143 1729 2177 alterum
1773 2145 1812 2178 in

143 2229 339 2277 Europam
363 2231 503 2267 delati
540 2237 652 2275 sunt,
698 2244 742 2268 ex
777 2233 922 2280 quibus
959 2244 983 2269 a
1025 2244 1084 2268 me
1121 2233 1217 2271 editi
1262 2234 1389 2268 textos
1429 2233 1578 2280 corrigi
1615 2240 1809 2282 poterant.

143 2320 290 2357 Tacebo
325 2322 374 2358 de
409 2322 701 2359 Ibn-Kbalduni
731 2324 872 2362 Codice
898 2325 1157 2366 Londinensi,
1185 2325 1276 2371 qui,
1304 2327 1540 2372 quamquam
1576 2326 1811 2372 autographi
