2127 2905
999 195 1314 229 ——122—

371 296 445 339 Pag.
471 297 554 333 283,
580 305 652 326 ann.
681 294 755 324 133.
804 290 852 322 Cf.
877 302 908 333 p.
929 292 993 322 324
1010 314 1017 328 ‚
1044 302 1087 323 vs.
1106 293 1125 322 3
1151 301 1168 321 a
1190 291 1212 321 f.
1240 296 1314 322 text.
1342 290 1440 323 Arab.

371 382 434 401 -,
460 375 501 394 vs.
526 365 537 393 l
566 368 597 393 et
618 371 691 392 ann.
717 361 791 392 135.
853 357 1038 402 Legendum
1059 369 1146 390 esse:
1182 357 1275 390 Hunc
1295 359 1384 402 petiit
1407 370 1479 390 cum
1503 358 1639 408 exercitu
1663 361 1713 390 cui
1746 367 1822 392 caet.
1855 368 1885 393 et
1911 372 1982 392 ann,

330 434 391 463 135
418 428 581 461 delendam
605 438 689 464 esse,
715 426 777 458 dixi
802 427 873 458 Vol.
901 427 943 458 II.
970 438 1002 469 p.
1026 427 1101 457 260.

371 515 435 533 -,
462 507 503 526 vs.
528 497 559 525 9.
606 494 706 537 Lege:
735 506 815 537 quae
840 500 940 526 stante
965 494 1113 537 imperio,
1146 495 1208 525 iam
1240 494 1278 525 ab
1306 494 1440 536 antiquis
1465 492 1536 525 inde
1561 494 1772 537 temporibus,
1803 496 1983 527 muneribus

326 565 431 595 functa
455 562 565 593 suerat.
590 580 634 586 ———
658 561 715 592 Hic
736 562 819 593 enim
844 569 888 594 est
913 573 1018 594 sensus
1045 561 1210 593 verborum
1228 561 1464 603 Thu-Haijanz's.

369 648 431 666 -—-,
457 641 499 660 vs.
527 631 576 660 10.
625 628 741 660 Vocem
765 631 994 672 epistolarum
1015 628 1180 660 delendam
1203 639 1290 664 esse,
1316 628 1379 658 dixi
1405 627 1475 659 Vol.
1500 627 1543 659 11.
1569 639 1600 670 p.
1622 628 1701 660 260.

368 715 412 722 -—
428 721 436 735 ‚
462 709 504 728 vs.
533 696 582 727 12.
631 695 730 739 Lege:
746 697 788 728 ita
810 701 844 728 ut
863 696 945 728 hanc
963 696 1002 727 ob
1027 707 1151 727 causam
1170 696 1272 727 statim
1295 695 1332 726 ad
1362 694 1618 737 ·al-Mo:·t·agidum
1639 695 1754 738 legatos
1775 696 1922 728 mitteret.
1943 715 1984 720 ——-

325 771 499 801 I'ronomen
524 769 555 799 in
581 767 622 810 [ἧς
646 773 765 811 spectat
790 767 916 811 quidem
941 767 977 798 ad
1003 755 1089 810 21:255,
1118 767 1237 810 35th
1271 766 1323 798 sed
1347 768 1533 811 praepositio
1557 780 1591 807 ῳ
1615 778 1677 798 non
1702 767 1816 811 pendet
1845 780 1861 798 a
1892 769 1984 800 verbo

327 862 401 890 ,μιᾳ
418 875 426 887 ,
452 861 524 881 nam
548 834 633 892 2255,
656 849 754 892 Asta«,
778 850 916 880 mittere
940 860 1002 880 non
1023 859 1194 893 possumus

371 947 432 965 --,
457 939 501 960 vs.
521 930 539 958 5
563 937 579 956 a
603 926 624 956 f.
642 936 688 968 sq.
738 926 843 969 Lege:
880 926 964 958 Haec
989 927 1053 958 eius
1086 926 1255 969 propositio
1285 925 1362 956 illud
1397 925 1498 967 ipsum
1531 932 1596 956 erat
1620 925 1702 968 quod
1740 925 1987 967 ·al-M0=·taqidns

327 999 490 1042 cupiebat,
516 1005 546 1030 et
577 1009 623 1029 res
652 998 681 1029 ei
704 997 796 1040 plane
828 998 871 1029 ita
899 998 1061 1030 eveniebat
1089 985 1176 1043 (5,κῖἑῖ
1207 983 1271 1045 Ξ),
1298 1003 1331 1028 ut
1352 1007 1420 1028 eam
1444 997 1566 1028 evenire
1586 996 1698 1028 debere
1717 997 1798 1039 apud
1821 1009 1851 1029 se
1874 998 1985 1028 consti-

327 1083 439 1108 tuerat.
487 1075 586 1119 Igitur
610 1086 701 1106 suum
724 1075 935 1107 manifestavit
959 1081 1038 1107 caet.

371 1172 414 1175 —
430 1177 437 1190 ,
464 1164 505 1183 vs.
528 1155 547 1183 3
567 1164 582 1183 a
607 1153 630 1184 f.
656 1164 700 1194 sq.
761 1152 832 1183 Post
856 1151 1014 1190 aditum,
1047 1151 1217 1194 legendum
1241 1162 1325 1182 esse:
1363 1150 1492 1181 navibus
1528 1160 1634 1181 omnes
1667 1160 1739 1193 opes
1776 1150 1813 1181 ad
1846 1152 1981 1182 insulam

329 1212 436 1252 Salus-z·
458 1220 701 1262 transportavit,
727 1219 788 1250 dixi
814 1219 884 1250 Vol.
906 1219 949 1250 ΙΙ.
975 1231 1007 1262 p.
1033 1221 1108 1250 260.

372 1288 444 1330 Pag.
465 1289 549 1325 284,
576 1299 618 1319 vs.
645 1289 664 1318 2
690 1293 720 1319 et
742 1297 816 1318 ann.
839 1288 912 1317 140.
961 1285 998 1318 In
1020 1286 1173 1318 Glossario
1196 1285 1233 1317 ad
1251 1285 1482 1317 'Ibn-Adarium
1507 1283 1592 1321 dixi,
1618 1283 1702 1331 0315?
1722 1283 1788 1335 &123
1813 1286 1986 1328 significare

332 1367 454 1399 eouper
479 1357 508 1386 le
533 1356 663 1386 chemin
688 1355 710 1384 ὰ
734 1353 930 1396 quelqu'un.

374 1442 417 1446 ——-
432 1447 440 1461 ,
466 1435 508 1455 VS.
531 1426 550 1455 4
574 1430 604 1455 et
629 1433 701 1453 ann.
728 1422 786 1452 141
815 1420 927 1463 (prima
952 1421 1127 1464 sententia).
1175 1420 1259 1452 Haec
1280 1420 1396 1452 correxi
1421 1419 1490 1458 Vol.
1513 1419 1554 1452 11.
1580 1431 1611 1463 p.
1635 1421 1710 1451 260.

374 1491 449 1534 Pag.
474 1491 558 1528 285,
584 1502 628 1521 vs.
651 1492 682 1521 2.
730 1489 812 1520 Pro:
840 1488 949 1519 unicus
974 1495 1020 1519 est
1043 1488 1146 1525 inter,
1172 1488 1263 1530 lege:
1291 1494 1428 1531 superat.

374 1578 440 1596 -,
466 1569 508 1589 vs.
529 1559 548 1589 9
573 1568 619 1600 sq.
667 1556 752 1589 Haec
773 1557 891 1588 correxi
916 1555 985 1587 Vol.
1012 1555 1053 1587 II.
1077 1567 1108 1598 p.
1135 1556 1209 1586 260.

373 1644 437 1664 ——,
460 1637 502 1658 vs.
517 1627 535 1656 8
549 1636 565 1655 a
578 1626 601 1657 s.
616 1642 660 1648 —-
679 1629 696 1656 5
712 1637 728 1655 a
742 1626 763 1656 f.
814 1624 899 1656 Haec
923 1635 1007 1655 nunc
1027 1623 1144 1654 correxi
1168 1622 1206 1654 ad
1228 1629 1343 1655 textum
1369 1621 1461 1653 huius
1482 1622 1564 1662 loei;
1592 1623 1658 1654 vide
1683 1633 1775 1666 supra
1794 1634 1827 1665 p.
1846 1624 1903 1653 101
1922 1634 1988 1665 sqq.

374 1695 449 1736 Pag.
475 1695 561 1730 286,
587 1704 631 1723 vs.
657 1695 696 1729 1,
721 1698 751 1723 et
776 1703 849 1724 ann.
881 1693 955 1723 149.
1005 1691 1050 1722 De
1068 1690 1114 1721 his
1140 1690 1209 1722 vide
1232 1701 1311 1733 quae
1336 1689 1397 1721 dixi
1422 1690 1492 1721 Vol.
1512 1689 1552 1721 II.
1577 1702 1608 1733 p.
1632 1691 1708 1722 260.
1758 1690 1875 1722 Eadem
1896 1690 1989 1733 phra-

332 1763 371 1793 sis
396 1759 525 1804 legenda
550 1765 595 1791 est
619 1771 650 1802 p.
674 1761 758 1797 254,
784 1771 827 1790 vs.
852 1761 882 1791 1.

375 1847 437 1865 -—,
463 1839 505 1859 vs.
527 1829 547 1858 6
569 1839 615 1870 sq.
641 1833 672 1858 et
692 1838 764 1858 ann.
793 1828 865 1858 150.
914 1826 1013 1869 Lege:
1039 1832 1069 1858 et
1091 1827 1225 1858 cuiusvis
1247 1824 1400 1857 voluntati
1421 1826 1565 1869 permitte
1585 1825 1670 1856 hunc
1692 1823 1845 1868 perfidum
1869 1831 1899 1855 et
1918 1836 1988 1867 per-

331 1898 435 1928 iurum
459 1896 645 1939 vituperare.
671 1914 714 1919 -—
740 1896 824 1928 Anu.
845 1896 907 1926 150
933 1894 1074 1927 deleatur
1097 1902 1128 1927 et
1153 1895 1191 1927 ef.
1218 1905 1298 1938 quae
1319 1904 1403 1925 nunc
1431 1893 1492 1925 dixi
1514 1893 1552 1925 ad
1577 1900 1695 1925 textum
1716 1892 1807 1924 huius
1835 1892 1903 1923 loci.

375 1987 418 1992 —
434 1993 441 2006 ,
466 1980 509 2000 vs.
531 1970 567 1998 11
595 1974 625 1999 et
650 1979 723 1999 ann.
750 1969 821 1998 152.
870 1966 940 1998 Non
959 1954 1050 1999 credo
1075 1954 1155 2010 3532«.
1177 1977 1242 1998 esse
1264 1967 1501 2009 complicavit,
1527 1966 1579 1998 sed
1606 1966 1805 2007 laevz'qavz't.

375 2056 442 2074 —,
468 2048 510 2068 vs.
536 2037 595 2072 13,
621 2041 651 2066 et
674 2046 748 2066 ann.
774 2037 849 2069 153.
907 2034 1009 2078 Lege:
1035 2034 1110 2066 dum
1135 2033 1242 2065 oculus
1269 2032 1484 2075 ·al-Mo='t⁴aqidz'
1512 2045 1583 2065 eum
1605 2033 1643 2064 ab
1665 2034 1734 2065 imis
1759 2031 1915 2075 unguibus
1941 2043 1989 2062 us-

333 2115 392 2146 que
417 2103 454 2134 ad
479 2103 626 2136 verticem
648 2115 805 2135 summum
834 2103 1100 2147 perserutabatur.
1135 2121 1178 2128 -
1213 2102 1268 2133 Est
1300 2101 1419 2145 phrasis
1447 2100 1484 2133 de
1511 2102 1571 2145 quei
1598 2101 1676 2140 dixi3
1713 2101 1853 2133 deleatur
1885 2100 1989 2141 itaque

335 2184 405 2203 aun.
434 2174 506 2203 153.

375 2257 434 2277 ——,
461 2251 534 2272 ann.
563 2242 636 2273 154.
687 2240 805 2272 Eodem
824 2250 914 2271 sensu
939 2241 971 2271 3³
989 2239 1089 2270 forma
1114 2237 1198 2268 verbi
1222 2252 1285 2286 W
1308 2238 1443 2270 occurrit
1467 2238 1498 2269 in
1519 2231 1772 2269 ‘lbno-⁷l-Cat1bz·
1793 2234 1935 2277 Mzzjczro
1950 2234 1989 2265 'l-

335 2308 473 2338 ’έιὲίίύᾶν
499 2307 541 2351 (p.
563 2310 581 2339 7
607 2307 656 2340 ed.
680 2307 859 2350 Simonet):
886 2306 1021 2359 έίξιὶύὶ
1050 2312 1098 2354 ⁴5⁵
1129 2305 1287 2340 &Lam-35.
