2127 2905
989 205 1304 242 —164—

317 310 429 343 Noster
451 311 558 353 itaque
585 309 670 339 locus
691 307 733 337 sic
753 303 919 337 vertendus
943 310 1012 337 est:
1038 310 1204 348 postquam
1228 304 1342 335 invitus
1368 314 1399 335 se
1426 302 1612 335 submiserat
1635 309 1667 336 et
1689 304 1722 335 in
1746 314 1782 336 eo
1816 304 1917 337 fuerat
1942 310 1975 335 ut

317 385 370 411 aut
393 378 586 410 occideretur
609 380 662 405 aut
687 377 863 416 caperetur.

362 447 434 488 Pag.
457 447 519 476 375
536 467 543 481 ,
570 453 614 474 vs.
643 444 661 474 3
686 447 717 473 et
741 451 813 471 ann.
837 441 914 471 250.
963 439 1067 483 Lege:
1092 445 1123 471 et
1143 438 1309 472 adversarii
1332 438 1483 471 socordia.
1533 437 1616 470 Ann.
1638 439 1703 470 250
1729 437 1879 471 deleatur.

361 530 422 549 —-,
448 522 522 542 ann.
545 510 620 541 252.
669 508 724 540 Est
747 508 854 540 revera
877 513 974 557 03²³?
997 507 1073 556 <5³5⁹
1105 513 1140 539 ut
1165 513 1250 550 patet
1282 519 1317 539 ex
1348 508 1449 551 primo
1472 506 1695 539 ibn-Bassam·
1727 506 1910 544 volumine,
1945 507 1977 538 in

319 590 378 622 quo
399 577 563 620 aliquoties
587 577 625 609 de
645 576 706 608 hoc
726 576 791 608 viro
813 586 914 607 sermo
939 580 995 607 est.

359 654 432 698 Pag.
456 656 520 686 376
536 679 544 692 ,
572 666 616 687 vs.
638 657 656 686 4
676 665 722 697 sq.
747 658 777 685 et
802 664 875 684 ann.
900 653 978 683 262.
1033 650 1142 683 Deleta
1163 650 1223 682 hac
1252 657 1358 683 annot.
1374 675 1382 690 ‚
1419 650 1589 694 legendum
1614 656 1682 683 est:
1720 650 1871 682 familiare
1897 660 1978 681 com-

318 722 470 754 mercium
506 721 659 754 habuerat
691 732 764 753 cum
798 720 892 763 lupis.
929 737 973 742 —
1005 717 1056 751 Sic
1081 718 1166 750 enim
1189 718 1259 766 0ᾊό
1289 718 1346 765 &Sl
1379 718 1458 767 05*
1481 718 1665 751 vertendum
1689 724 1755 757 est,
1781 717 1893 749 collato
1916 727 1982 747 ⁰:12·

319 805 507 836 Zamacsario
532 805 565 835 in
598 802 899 843 asaso'l-balaqg:
938 813 968 841 μ
994 780 1155 835 Qazixml
1183 798 1253 846 0315
1280 799 1335 847 2⁵³⁵
1363 784 1498 839 &3
1534 812 1613 844 quae
1649 799 1833 844 significatio
1869 798 1981 831 Lexico

320 870 458 903 addatur.

1419 899 1434 912 Ι

360 959 425 978 -,
451 951 494 971 vs.
516 941 536 971 8
561 950 607 982 sq.
656 937 735 969 Vide
760 947 852 980 supra
875 947 908 979 p.
936 932 1010 968 144.

361 1037 427 1056 -‚
454 1028 495 1048 vs.
521 1018 573 1048 18.
622 1015 727 1059 Lege:
756 1014 810 1057 qui
836 1013 865 1045 ei
890 1024 955 1044 rem
980 1010 1151 1044 indicabat.

361 1103 424 1123 —‚
450 1096 495 1117 vs.
516 1087 534 1115 5
558 1095 575 1115 a
592 1083 613 1114 f.
639 1095 685 1126 sq.
733 1082 835 1124 Lege:
864 1079 1044 1117 custodem,
1070 1079 1124 1122 qui
1148 1078 1186 1110 ad
1211 1090 1283 1111 oum
1303 1078 1408 1123 egredi
1431 1079 1565 1112 faciebat
1592 1079 1724 1113 audaces
1756 1080 1908 1124 quosdam
1928 1091 1980 1112 ur-

319 1154 365 1184 bis
386 1154 475 1184 viros.

362 1230 436 1273 Pag.
458 1230 520 1261 377
535 1252 542 1266 ,
568 1239 610 1259 vs.
633 1230 646 1258 1
669 1238 716 1270 sq.
766 1225 881 1258 Deletis
905 1226 1029 1269 punctis
1049 1223 1217 1272 legendum
1241 1230 1307 1256 est:
1340 1223 1426 1256 Nihil
1451 1224 1535 1256 enim
1559 1225 1640 1256 solus
1665 1231 1696 1258 et
1720 1225 1786 1257 sine
1810 1226 1875 1257 eius
1902 1235 1975 1256 con—

283 1308 288 1314 *
319 1298 385 1329 silio
409 1296 563 1334 faciebat,
588 1301 619 1327 et
643 1294 764 1326 nullam
785 1305 852 1326 rem
876 1300 956 1326 caet.
1175 1275 1177 1277 ι

363 1382 407 1387 -
423 1388 431 1401 ,
456 1376 498 1395 vs.
518 1366 534 1394 7
558 1375 603 1406 sq.
651 1362 833 1405 Legendum
857 1374 940 1395 esse:
967 1367 1002 1394 ut
1023 1367 1149 1406 propter
1167 1361 1232 1393 eius
1251 1358 1395 1392 tenebras
1417 1360 1501 1390 canis
1519 1360 1644 1392 tentorii
1666 1360 1774 1392 funem
1795 1359 1900 1392 videre
1923 1370 1984 1391 non

320 1438 444 1475 posset,
469 1431 531 1462 dixi
551 1431 619 1462 Vol.
641 1431 681 1463 II.
707 1443 738 1474 p.
763 1432 839 1462 262.

364 1519 431 1537 -,
457 1510 499 1530 vS.
527 1500 655 1530 13-16
680 1505 711 1530 et
733 1509 805 1528 ann.
828 1498 892 1527 269
917 1502 948 1527 et
972 1496 1050 1527 270.
1112 1494 1167 1527 His
1202 1495 1454 1527 annotationibus
1484 1495 1614 1533 deletis,
1650 1495 1737 1527 locus
1770 1495 1813 1526 sic
1838 1493 1988 1538 legendus

321 1575 385 1601 est:
411 1578 483 1599 cum
506 1577 600 1610 parvo
619 1565 743 1609 agmine
764 1571 794 1596 et
819 1562 929 1594 obtusa
955 1561 1076 1605 (gladii)
1104 1563 1180 1593 acie.
1228 1563 1396 1604 Postquam
1419 1563 1465 1594 illi
1491 1563 1545 1605 qui
1568 1574 1640 1594 cum
1664 1575 1700 1595 eo
1730 1569 1818 1595 erant
1843 1568 1988 1595 tesseram

320 1647 406 1667 suam
429 1634 597 1666 militarem
625 1632 904 1676 pronuntiaverant
929 1638 959 1663 et
985 1629 1178 1674 aliquamdiu
1210 1628 1404 1660 nesciverunt
1434 1635 1539 1661 utrum
1572 1641 1603 1661 se
1626 1630 1766 1673 periculo
1797 1636 1985 1673 exponerent

323 1716 359 1734 un
385 1701 524 1734 socordes
549 1706 674 1737 essent,
699 1697 825 1730 tandem
847 1698 999 1742 palatium
1023 1697 1148 1730 'Abbadz'
1168 1697 1356 1740 petiverunt.

367 1790 427 1808 α,
453 1781 496 1801 vs.
517 1768 574 1799 ult.
600 1774 631 1799 et
655 1778 728 1798 ann.
753 1767 828 1799 271.
878 1765 987 1797 Deleta
1012 1765 1071 1796 hac
1096 1770 1201 1795 annot.
1225 1769 1255 1796 et
1279 1763 1398 1795 collatis
1422 1765 1457 1795 iis
1483 1775 1562 1807 quae
1588 1776 1672 1796 nunc
1695 1765 1732 1796 ad
1758 1771 1875 1797 textum
1901 1763 1962 1795 dixi
1979 1789 1986 1802 ,

324 1838 490 1881 legendum
514 1842 582 1867 est:
611 1840 642 1866 et
666 1845 738 1865 eum
762 1839 881 1875 tegeret
900 1843 996 1864 mors.

368 1906 440 1948 Pag.
464 1906 548 1941 378,
573 1915 616 1935 vs.
640 1904 651 1933 1
674 1913 719 1944 sq.
769 1901 874 1943 Lege:
902 1899 953 1932 sed
974 1899 1040 1938 illi,
1067 1900 1120 1942 qui
1144 1910 1217 1931 eum
1239 1898 1277 1930 ad
1300 1894 1560 1931 'Ibn-Di-'n-nfin
1583 1899 1759 1937 ducebant,
1783 1899 1875 1931 huius
1901 1900 1986 1930 iussis

325 1974 592 2016 obtempe1·anteS‚
618 1970 759 2002 celarunt
792 1979 871 2012 quae
897 1968 925 1999 ei
957 1966 1137 1999 acciderunt
1161 1967 1290 2009 eiusque
1315 1967 1479 2009 vestigium
1506 1966 1699 1999 deleverunt.
1734 1986 1777 1993 —-
1808 1967 1834 1999 I.
1857 1979 1885 2000 e,
1910 1967 1987 1997 'Ibn—

328 2042 442 2073 Mart'in
463 2040 495 2070 in
520 2039 629 2070 itinere
656 2049 672 2068 a
696 2035 847 2068 militibus
871 2035 973 2072 clam,
998 2033 1050 2065 sed
1074 2034 1201 2065 iubente
1225 2034 1462 2073 -al-Mamuno,
1488 2035 1668 2066 interfectus
1693 2041 1750 2067 est.

372 2127 434 2145 —,
459 2119 504 2139 τε.
527 2109 545 2138 3
563 2118 608 2149 sq.
658 2105 764 2148 Lege:
792 2114 847 2146 per
871 2109 969 2134 totam
993 2106 1119 2132 noctem
1138 2094 1254 2144 palatia
1285 2102 1487 2145 patriciorum
1513 2101 1760 2135 Cordobensium
1783 2102 1916 2139 invasit,
1943 2113 1987 2132 re-

329 2176 430 2219 petitis
453 2174 571 2205 vicibus
591 2186 622 2206 se
647 2173 684 2205 ad
708 2184 759 2205 eos
784 2171 945 2203 conserens
970 2176 1001 2202 et
1025 2181 1055 2201 se
1080 2170 1182 2212 ipsum
1206 2170 1241 2200 iis
1266 2176 1453 2202 monstrans,

372 2262 434 2281 —,
459 2254 512 2284 vs„
527 2244 626 2274 6—9.
673 2241 758 2273 Haec
782 2240 825 2271 sic
845 2237 978 2282 legenda
1003 2243 1093 2268 sunt:
1120 2236 1178 2268 Die
1202 2236 1307 2280 itaque
1331 2239 1471 2281 proximo
1493 2250 1524 2270 se
1548 2249 1620 2270 cum
1641 2249 1676 2271 eo
1701 2249 1736 2270 ex
1764 2248 1869 2270 rerum
1893 2248 1987 2269 nova-

331 2322 398 2342 rum
419 2310 560 2342 studiosis
585 2316 615 2342 et
636 2309 744 2342 infima
770 2307 861 2351 plebe
886 2317 966 2350 quae
990 2304 1155 2339 seditiones
1180 2312 1263 2339 amat
1294 2306 1370 2340 tales
1394 2307 1642 2345 coniunxerunt,
1667 2306 1721 2350 qui
1745 2317 1818 2339 eum
1843 2305 1987 2339 defende·
