2127 2905
115 300 244 334 simulac
263 298 341 331 haec
365 298 454 331 stella
483 299 519 330 iis
542 297 681 335 luceret,
705 302 736 328 et
759 302 868 340 porta,
895 306 976 339 quae
999 297 1082 328 inter
1105 306 1156 328 eos
1180 301 1211 327 et
1239 295 1297 327 Dei
1325 296 1473 339 angelum
1493 302 1582 334 erat,
1607 296 1643 327 iis
1672 304 1776 340 aperta

113 366 213 398 esset,
239 363 435 390 accesserunt
462 356 500 388 ad
524 367 597 388 eum
622 365 729 386 omnes
745 377 754 392 ,
777 353 859 385 tardi
882 353 967 385 haud
999 354 1102 385 minus
1127 364 1222 397 quam
1247 354 1366 397 agiles;
1400 361 1603 400 properanter
1633 365 1778 387 accurre-

115 424 211 456 runt,
238 417 290 448 alii
312 416 397 448 lento
413 440 420 454 ,
448 415 501 446 alii
525 413 633 458 rapido
661 411 759 456 gradu
782 413 826 443 49.
872 430 917 436 -
940 430 983 435 ———
1009 412 1075 443 Iam
1099 423 1171 443 vero
1200 412 1438 456 desperaverant
1470 414 1508 446 de
1536 414 1596 446 hac
1621 425 1777 446 resurrec-

111 479 216 513 tione,
241 476 349 506 veluti
373 473 547 506 increduli
570 472 757 515 desperant
787 470 828 501 de
852 471 900 501 iis
924 472 986 513 qui
1009 472 1046 500 in
1079 471 1274 514 sepulchris
1307 476 1387 502 sunt
1404 474 1445 504 50.
1506 472 1572 515 Ego
1597 478 1700 505 autem
1728 485 1777 505 eos

112 536 216 579 rogavi
242 545 302 578 quo
331 544 362 564 se
386 531 605 566 contulerant,
636 529 690 560 ubi
720 529 852 560 tentoria
880 534 1066 572 posuerant,
1102 535 1133 560 et
1164 540 1268 560 versus
1300 540 1468 572 quemnam
1498 531 1646 562 eximium
1674 543 1777 575 regem

112 596 169 626 iter
193 596 402 636 susceperant.
441 589 537 621 Doleo
556 595 662 620 tamen
678 587 770 626 ,illos
789 588 869 618 viros
893 586 1085 618 doctissimos
1110 593 1140 618 et
1161 587 1406 625 infelicissimos,
1434 587 1620 630 quibuscum
1646 590 1776 634 antiqua

114 652 249 684 amicitia
263 649 448 681 coniunctus
461 658 563 684 eram,
577 657 776 690 quorumque
799 657 936 678 amorem
958 657 1030 677 cum
1051 656 1122 677 meo
1141 656 1246 677 amore
1258 646 1399 678 iunxerat
1425 646 1530 678 nobile
1543 647 1651 679 foedus
1668 673 1675 686 ‚
1692 649 1778 679 cuius

113 719 275 752 nunquam
288 707 452 738 obliviscar
476 705 623 749 quodque
643 711 874 736 sacrosanctum
895 705 973 737 mihi
997 705 1055 736 erit
1073 716 1080 742 ;
1109 704 1296 747 quibuscum
1323 716 1380 748 per
1401 704 1529 747 longum
1550 710 1672 750 tempus
1701 718 1778 750 pau-

113 767 240 810 pertatis
260 771 290 797 et
314 764 510 796 obscuritatis
529 763 642 807 pocula
668 762 817 800 exhausi,
843 763 925 794 inter
944 763 1055 794 fletum
1079 768 1110 794 et
1134 764 1284 806 gemitum
1301 788 1309 802 ‚
1335 762 1443 794 diebus
1471 763 1532 794 illis
1557 765 1610 807 qui
1632 766 1780 796 tristiores

114 825 201 856 nobis
223 830 311 856 erant
341 834 435 866 quam
460 828 583 865 tempus
607 833 671 854 esse
702 822 779 853 solet
804 832 865 864 quo
898 821 1042 853 iuventus
1070 821 1159 853 nobis
1191 822 1360 859 valedicit,
1387 828 1417 853 et
1440 822 1584 853 noctibus
1615 823 1675 854 illis
1701 835 1780 866 quae

112 883 284 926 graviorem
317 892 498 913 aerumnam
528 881 617 912 nobis
649 880 822 912 attulerunt
847 892 941 924 quam
976 881 1114 923 patimur
1146 891 1265 923 quum,
1300 880 1338 911 ad
1362 880 1519 912 calculum
1553 892 1651 924 quum
1681 882 1781 913 vocati

112 953 217 974 sumus
232 965 240 979 ,
265 940 317 972 hie
341 940 462 971 minute
483 940 701 978 examinatur3
730 939 819 971 doleo
835 964 842 977 ,
868 940 997 982 inquam
1013 963 1021 977 ,
1046 938 1103 970 hos
1125 949 1188 970 non
1212 949 1284 970 cum
1310 939 1372 970 fato
1395 939 1573 971 inviolabile
1595 946 1723 983 pactum
1750 942 1779 962 5¹

112 1001 216 1032 iniisse
239 1000 339 1042 iisque
359 1010 422 1030 non
435 998 542 1042 paullo
564 999 738 1041 longiorem
762 999 857 1029 vitam
883 1008 1061 1030 concessam
1084 998 1177 1029 fuisse
1193 1022 1201 1036 ,
1226 998 1270 1029 ita
1289 1004 1324 1029 ut
1348 997 1452 1030 videre
1471 999 1644 1041 potuissent
1667 998 1782 1029 doctri-

111 1071 184 1090 nam
201 1083 209 1096 ‚
235 1069 315 1101 quae
339 1064 431 1089 antea
451 1057 568 1088 nullius
602 1057 694 1100 pretii
717 1056 915 1096 habebatur,
948 1067 1034 1088 nunc
1069 1057 1204 1088 maximo
1240 1057 1272 1088 in
1307 1057 1426 1089 honore
1449 1057 1579 1095 haberi3
1612 1063 1647 1088 ut
1679 1056 1782 1088 videre

112 1118 284 1162 potuissent
308 1115 465 1159 quomodo
496 1115 615 1147 sactum
655 1117 692 1148 sit
727 1122 762 1147 ut
787 1116 972 1147 ‘islamismo
1007 1116 1155 1159 pristinus
1187 1112 1333 1159 splendor
1367 1116 1406 1147 sit
1436 1116 1595 1147 restitutus
1623 1121 1653 1147 et
1689 1115 1782 1147 densa

111 1176 345 1218 tyrannicarum
370 1174 529 1205 actionum
550 1174 641 1205 turba
662 1181 802 1217 separata
826 1174 864 1205 sit
896 1180 927 1205 et
954 1173 1101 1221 dispersa.
1162 1173 1260 1205 Doleo
1291 1175 1406 1212 etiam,
1434 1174 1635 1217 sepulchrum
1660 1174 1782 1210 Hatimc'

113 1235 225 1278 aperiri
249 1239 279 1265 et
302 1233 395 1264 huius
414 1233 536 1275 corpori
557 1233 697 1264 animum
722 1232 809 1264 reddi
833 1244 895 1278 non
926 1243 1034 1275 posse,
1060 1233 1102 1264 ita
1124 1238 1159 1263 ut
1192 1232 1309 1264 videret
1333 1234 1571 1276 generositatem
1597 1234 1689 1264 etiam
1714 1240 1783 1276 post

113 1294 177 1325 eius
202 1298 334 1324 mortem
359 1292 516 1335 cognitam
537 1303 623 1329 esse,
648 1296 678 1322 et
702 1290 827 1321 initium
848 1297 879 1322 et
903 1291 999 1322 finem
1023 1291 1119 1322 animi
1144 1291 1314 1322 nobilitatis
1339 1293 1453 1323 nonin
1478 1293 1543 1335 ipso
1560 1316 1568 1329 ‚
1594 1291 1646 1323 sed
1668 1293 1701 1322 in
1723 1292 1782 1322 alio

112 1353 178 1383 viro
204 1350 381 1394 quaerenda
406 1361 482 1382 esse.

157 1412 261 1452 Quum
287 1409 383 1452 igitur
407 1408 586 1439 audiveram
611 1418 718 1439 vocem
745 1404 883 1438 vocantis
899 1431 907 1445 ,
933 1407 1064 1439 odoratu
1084 1419 1287 1451 perceperam
1310 1408 1445 1440 halitum
1474 1408 1643 1451 propinqui
1662 1408 1784 1440 solami-

111 1470 157 1500 nis
173 1493 181 1506 ,
206 1468 364 1499 tramitem
388 1466 568 1497 inveneram
592 1467 624 1496 in
648 1466 696 1497 via
720 1466 806 1508 spei,
831 1471 885 1503 et,
911 1465 976 1496 Deo
1003 1465 1189 1502 adiuvante,
1215 1467 1331 1498 exitum
1359 1478 1395 1498 ex
1420 1466 1540 1508 laqueis
1565 1466 1781 1504 obscuritatis,

110 1528 175 1559 eius
200 1537 303 1558 sacrae
327 1524 483 1567 majestati
504 1523 590 1555 hunc
610 1523 726 1554 librum
742 1547 750 1560 ,
786 1529 821 1554 ut
845 1522 884 1554 de
908 1534 944 1555 eo
969 1522 1122 1555 iudicium
1146 1525 1265 1563 ferret,
1302 1524 1444 1560 ostendi,
1469 1524 1534 1554 eius
1567 1526 1640 1555 nota
1673 1532 1703 1556 et
1728 1537 1783 1556 no-

112 1587 198 1618 mine
223 1590 390 1620 ornatum,
415 1582 490 1614 dum
515 1583 580 1613 eius
607 1582 705 1625 gloria
725 1581 802 1612 mihi
831 1581 869 1612 ad
889 1593 962 1614 eum
989 1583 1072 1614 viam
1094 1583 1288 1615 monstrabat
1313 1583 1452 1626 dumque
1480 1583 1545 1614 eius
1576 1584 1706 1626 gratiam
1732 1596 1784 1615 ca-

112 1651 201 1688 ptare
223 1643 385 1675 studebam
416 1642 490 1673 nota
514 1642 580 1673 eius
611 1640 775 1671 nobilitate
799 1640 916 1676 fretus:
947 1641 1009 1673 feci
1031 1641 1092 1673 hoc
1117 1643 1190 1686 quia
1226 1642 1362 1675 sciebam
1390 1642 1494 1674 literas
1526 1641 1726 1674 humaniores
1757 1644 1783 1674 ei

113 1714 198 1735 caras
217 1714 282 1734 esse
297 1726 306 1740 ,
331 1712 404 1733 eum
423 1701 526 1744 ipsum
549 1699 597 1731 his
629 1709 755 1742 operam
779 1698 853 1730 dare
869 1724 877 1737 ,
910 1701 990 1731 viros
1014 1700 1152 1732 literatos
1183 1701 1222 1732 ab
1244 1712 1302 1739 eo,
1329 1701 1392 1743 qua
1417 1707 1464 1732 est
1493 1700 1690 1739 urbanitate,
1715 1701 1784 1732 lau-

113 1761 199 1799 11311,
225 1771 340 1803 eosque
356 1761 389 1791 in
413 1760 479 1791 eius
504 1759 608 1790 animo
629 1758 756 1788 firmum
781 1756 886 1788 locum
910 1764 1028 1789 tenere.
1084 1755 1204 1790 Deinde
1220 1783 1228 1796 ‚
1254 1770 1353 1801 quum
1377 1758 1523 1789 nonnulli
1543 1770 1560 1789 a
1586 1771 1636 1791 me
1657 1760 1784 1802 petivis-

113 1825 180 1851 sent
204 1825 239 1849 ut
262 1818 298 1849 iis
325 1818 411 1849 hunc
435 1818 600 1849 Drwanum
624 1815 799 1847 describere
823 1815 932 1848 liceret
947 1841 954 1854 ,
980 1815 1181 1859 videremque
1204 1816 1298 1848 huius
1322 1817 1469 1860 temporis
1492 1817 1570 1847 viros
1586 1841 1594 1855 ‚
1619 1824 1783 1860 propterea

116 1876 198 1920 quod
215 1875 381 1907 nonnullas
406 1875 474 1906 auri
497 1873 665 1917 particulas
687 1885 762 1916 quas
784 1874 923 1909 continet
947 1874 1160 1917 collegerant,
1189 1886 1303 1918 cupere
1323 1881 1358 1906 ut
1378 1875 1443 1907 eius
1463 1875 1535 1918 igne
1555 1875 1616 1905 frui
1639 1883 1780 1918 possent,

197 2015 311 2059 uasta
339 2015 389 2046 u„
418 2014 522 2057 istam
545 2012 622 2062 Ake)
650 2011 792 2061 &enjus
821 2026 881 2061 &a
911 2013 982 2052 aaa
1010 2003 1063 2045 dis
1091 1998 1167 2062 &ie
1195 2004 1248 2046 ins
1277 2012 1353 2064 Ay)
1382 2012 1446 2050 &aa
1476 2026 1531 2044 ω
1560 2012 1639 2058 ajin
1669 2013 1781 2060 Ota,

1069 2094 1180 2134 Φὶίὲέὗῖ
1210 2098 1300 2135 &gn-<Li
1329 2100 1413 2143 σιξ
1441 2109 1490 2143 οο
1516 2099 1604 2145 Γςᾴᾼε
1632 2095 1701 2135 ⁵54²
1725 2086 1780 2127 &Li

118 2182 166 2218 49)
199 2179 299 2209 Eadem
314 2178 417 2217 phrasis
437 2187 517 2216 quam
540 2176 584 2205 hic
606 2176 751 2210 habemus,
774 2179 855 2205 exstat
872 2176 899 2206 in
919 2175 1179 2205 alio'Ibn-Bassami
1201 2177 1274 2212 loco.
1296 2187 1376 2216 quem
1395 2177 1467 2206 edidi
1485 2177 1512 2206 in
1533 2177 1586 2206 mei
1607 2176 1668 2205 libri
1684 2177 1743 2206 Vol.
1756 2177 1778 2206 1.

195 2245 220 2273 p.
241 2233 320 2269 324,
342 2243 381 2262 vs.
401 2232 437 2268 8,
461 2232 506 2260 ubi
527 2241 577 2269 pro
596 2229 673 2271 tilla?
694 2229 835 2269 legendum
859 2241 912 2260 esse
932 2230 1000 2272 {Ungi
1021 2241 1053 2260 ex
1075 2235 1166 2260 nostro
1185 2231 1243 2259 loco
1260 2235 1341 2270 patet.

119 2289 169 2326 50)
200 2289 269 2317 Sunt
289 2288 369 2317 verba
389 2286 558 2324 ·al-Qor·ani
580 2284 638 2320 60,
661 2295 699 2314 vs.
722 2285 767 2314 13.

116 2358 149 2386 51
158 2362 165 2392 ‚
198 2355 286 2385 verba
306 2344 419 2400 »ἐμω
449 2355 531 2398 μμ
550 2356 611 2382 >unt
631 2363 662 2382 ex
683 2353 852 2391 eii-coreno
878 2354 930 2389 17,
950 2365 986 2384 vs.
1006 2354 1062 2388 36;
1085 2354 1141 2390 33,
1165 2363 1202 2383 vs.
1227 2354 1273 2384 15.

1488 2408 1544 2437 ιο·
