2127 2905
1007 200 1321 236 ——120—

381 309 455 354 Pag.
481 310 565 345 279,
592 319 632 338 vs.
656 308 672 336 7
699 315 765 346 sqq.
816 302 1015 344 Quamquam
1039 300 1091 331 hic
1115 300 1201 332 locus
1221 299 1342 331 lacunis
1362 298 1450 331 valde
1475 305 1601 331 vexatus
1625 306 1690 338 est,
1716 301 1781 332 eius
1806 307 1910 333 tamen
1933 313 2001 333 sen-

337 390 404 410 sum
436 377 609 420 perspicere
636 370 711 403 mihi
737 368 854 400 videor.
916 369 1002 410 Quae
1032 367 1204 412 supplenda
1229 373 1301 399 sunt
1326 367 1447 398 uncinis
1473 366 1630 409 quadratis
1666 368 1838 401 includam.
1889 369 2003 401 Sensus

337 447 388 478 hic
410 451 454 476 est
470 456 476 474 :

426 512 529 551 Quum
554 508 660 550 itaque
684 506 811 537 firmum
836 511 914 537 esset
936 505 1001 537 eius
1026 505 1192 547 imperium
1213 494 1296 535 Silbz'
1315 502 1461 546 (Silves),
1484 514 1564 546 quae
1590 502 1795 534 remotissima
1821 508 1866 533 est
1890 508 2005 533 metro-

336 580 411 623 polis
432 575 633 613 Occidentis,
659 575 796 618 primum
826 572 996 616 [profectus
1021 578 1066 603 est
1092 578 1125 603 ut
1151 571 1342 613 conveniret]
1370 571 1519 613 hagibum
1553 569 1734 608 Thu-Naki,
1761 569 1906 612 regulum
1934 581 2005 612 pro—

335 647 453 679 vinciae
474 645 604 680 Moron,
630 642 717 673 nulla
740 641 909 684 praemissa
935 639 1086 670 adventas
1112 639 1340 682 significatione
1362 645 1415 670 aut
1433 639 1682 670 annuntiatione.
1734 637 1879 680 [Nullum
1902 648 2006 669 secum

334 715 469 747 habebat
490 718 613 756 praeter
635 710 711 741 duos
733 720 835 740 servos
848 707 871 749 ‚]
901 707 955 749 qui
988 707 1054 738 eius
1085 706 1255 738 adventum
1289 707 1476 738 annuntiare
1497 691 1657 738 debebant
1681 707 1711 728 9⁷
1737 711 1768 737 et
1794 705 1910 736 multas
1935 716 2006 748 opes

334 783 511 827 portabant.
560 779 612 812 Sic
637 776 784 809 audacter
808 775 948 820 periculo
977 786 1007 805 se
1032 773 1165 812 obtulit,
1191 773 1275 817 quod
1304 773 1444 816 [fortasse
1469 772 1515 815 in]
1544 774 1614 805 satis
1645 772 1737 816 [erat]
1756 797 1764 811 ‚
1790 784 1863 804 nam
1890 774 2005 804 nescie-

336 853 390 882 bat
415 856 521 881 utrum
545 859 592 880 res
616 857 762 890 prospere
787 855 826 875 an
850 843 932 875 male
953 841 1144 874 succederet.
1194 841 1338 874 Pervenit
1363 843 1469 885 itaque
1487 841 1524 873 ad
1548 841 1634 873 hunc
1658 841 1883 877 'Ibn-Nfil-ium.
1934 842 2008 872 Erat

335 921 386 951 hic
412 920 456 950 vir
480 919 510 941 98
542 916 598 960 qui
626 926 689 947 non
725 912 854 945 curabat
879 911 1041 943 cuiusnam
1070 911 1253 953 sanguinem
1285 909 1470 948 hauriebat,
1500 910 1571 952 [nec
1607 909 1713 953 quale]
1752 909 1872 940 facinus
1896 919 2007 951 perpe-

337 987 449 1018 trabat.
498 982 819 1017 Honorificentissime
841 991 913 1012 eum
942 979 1062 1021 excepit
1086 977 1289 1013 'Ibn-Nfihus
1313 984 1343 1009 et
1368 989 1399 1009 se
1421 977 1566 1008 omnibus
1599 977 1665 1008 eius
1689 977 1776 1008 iussis
1809 975 2006 1008 obediturum

337 1055 515 1086 declaravit.

382 1123 483 1154 Pauca
507 1132 587 1164 quae
612 1120 716 1151 statim
740 1122 915 1163 sequuntur
940 1115 1083 1146 omittere
1119 1113 1240 1151 debeo,
1275 1113 1347 1156 quia
1379 1112 1470 1144 verba
1497 1118 1587 1154 quae*
1608 1112 1642 1142 in
1676 1110 1791 1143 Codice
1820 1117 2006 1154 supersunt,

338 1202 398 1221 non
423 1189 582 1220 sufficiunt
607 1186 644 1218 ad
666 1196 790 1217 sensum
812 1182 1028 1214 divinandum.

381 1258 453 1301 Pag.
474 1258 556 1292 280,
581 1266 625 1287 vs.
646 1255 744 1285 2-7.
793 1252 898 1295 Lege:
935 1248 1055 1281 Deinde
1084 1249 1241 1291 profectus
1272 1254 1317 1280 est
1350 1259 1453 1279 versus
1477 1247 1760 1288 'Ibn··abi-Qorra,
1795 1247 1849 1289 qui
1875 1246 2005 1277 Rondae

338 1327 480 1369 princeps
512 1330 600 1361 erat,
635 1332 729 1365 quem
753 1321 855 1364 ipsum
883 1318 992 1351 eodem
1025 1315 1117 1348 modo
1148 1322 1282 1347 tractare
1313 1316 1414 1358 co'e'git
1440 1314 1498 1357 ¹2¹)
1535 1322 1565 1347 et
1600 1315 1650 1346 cui
1682 1314 1791 1347 eodem
1827 1313 1918 1344 modo
1944 1313 2006 1343 cal-

341 1405 432 1426 ceum
464 1393 561 1424 secuit
588 1389 657 1432 122).
717 1389 803 1420 Haec
836 1388 871 1418 iis
907 1393 1058 1428 tanquam
1090 1384 1243 1415 beneficia
1277 1384 1512 1420 annumeravit,
1551 1389 1581 1414 at
1621 1388 1708 1414 erant
1745 1382 1773 1413 ei
1804 1380 1914 1412 modus
1947 1391 2008 1423 quo

347 1462 454 1492 dolum
488 1466 519 1491 et
552 1469 628 1501 quas
651 1456 842 1488 moliebatur
870 1452 995 1485 insidias
1020 1451 1059 1482 ad
1083 1451 1180 1482 finem
1211 1450 1382 1494 perducere
1407 1450 1540 1482 volebat.
1590 1450 1679 1483 Unus
1711 1456 1817 1481 tamen
1841 1460 1876 1481 ex
1901 1448 2010 1480 Berbe—

340 1540 450 1560 rorum
473 1526 605 1558 ducibus
635 1525 753 1556 bonurn
785 1522 823 1553 de
848 1532 883 1553 eo
911 1519 1075 1551 consilium
1105 1517 1255 1556 dederat,
1289 1518 1492 1561 volueratque
1521 1525 1555 1549 ut
1587 1530 1684 1557 eum,
1709 1524 1836 1561 propter
1867 1516 1898 1548 id
1927 1515 2009 1559 quod

342 1594 604 1630 machinabatur,
642 1590 800 1635 (Berberz')
838 1588 940 1620 subito
971 1586 1174 1618 conficerent.
1235 1584 1402 1618 Berberica
1429 1587 1525 1629 igitur
1552 1587 1659 1629 lingua
1689 1592 1800 1624 utens,
1827 1591 1902 1616 tunc
1933 1591 2008 1616 tem-

339 1664 420 1706 poris
446 1661 484 1693 ad
508 1672 577 1692 suos
599 1661 714 1691 amicos
744 1659 782 1690 de
806 1658 871 1690 eius
894 1654 1025 1699 perfidia
1050 1653 1142 1685 verba
1167 1652 1261 1691 fecit,
1287 1654 1386 1695 iisque
1420 1653 1521 1684 innuit
1549 1653 1704 1696 quomodo
1734 1653 1772 1684 ab
1797 1653 1862 1683 eius
1893 1651 2007 1683 damno

344 1733 404 1763 tuti
428 1742 492 1762 esse
516 1733 650 1771 possent.

432 1799 468 1829 In
494 1795 694 1827 annotatione
718 1793 796 1824 haec
820 1790 971 1823 mutanda
995 1796 1025 1821 et
1050 1788 1191 1821 addenda
1216 1794 1302 1819 sunt:

434 1864 509 1906 121)
536 1863 581 1895 De
605 1861 699 1893 verbo
724 1860 781 1910 μμ
811 1859 918 1902 (alicui
950 1869 1015 1890 rem
1047 1855 1271 1900 perficiendam
1302 1856 1483 1899 imponere,
1522 1867 1616 1898 quam
1647 1855 1798 1899 perficere
1829 1864 1892 1885 non
1927 1860 2009 1885 amat

344 1935 407 1977 ille)
432 1932 501 1965 vide
521 1932 627 1963 locum
646 1927 865 1961 'Ibn-Doraidi
888 1937 982 1970 quem
1006 1924 1077 1956 dedi
1105 1924 1174 1956 Vol.
1196 1924 1237 1956 II.
1264 1936 1294 1968 p.
1320 1926 1374 1955 81.
1424 1923 1573 1967 Exempla
1594 1922 1688 1955 habet
1713 1922 1952 1954 ·az-zama<-§ari
1976 1922 2006 1952 in

343 2009 453 2040 Asaso
474 2004 662 2045 ’mala-274.-
685 2000 733 2038 Ae
762 2000 844 2044 rste
872 1979 1003 2048 ᾦωίε,
1032 1997 1097 2040 [μή
1125 1976 1219 2049 [ἐὺς
1248 1988 1371 2029 {etun
1400 1977 1480 2043 {fios
1508 1980 1607 2031 ἅμ’.

342 2207 393 2241 97)
420 2190 470 2237 {ii
489 2213 551 2232 cum
575 2212 630 2231 acc.
653 2212 679 2240 p.
702 2204 727 2230 et
746 2199 816 2249 612
843 2198 886 2227 all.
907 2201 944 2226 est
965 2196 1074 2235 appeler
1094 2195 1250 2223 l'attention
1270 2194 1302 2222 de
1319 2193 1466 2232 quelqu'un
1489 2203 1557 2228 sur,
1590 2197 1618 2221 ut
1651 2193 1677 2220 in
1704 2191 1764 2219 locis
1787 2189 2004 2222 Abdo—'l-wahid

424 2270 448 2297 p.
471 2261 536 2294 ςὲθδ,
557 2267 594 2285 vs.
614 2256 668 2291 10,
690 2258 716 2284 et
734 2265 762 2293 p.
784 2255 846 2287 ΜΩ,
870 2262 908 2281 vs.
930 2251 962 2279 11
988 2251 1027 2279 ed.
1049 2259 1132 2279 meae.

345 2327 392 2365 98)
422 2327 460 2355 ne
479 2326 612 2354 mentione
627 2309 700 2372 ὡς
724 2309 774 2371 g„
794 2330 820 2350 v.
843 2320 897 2349 mei
915 2319 977 2348 libri
999 2318 1057 2348 v01.
1069 2317 1094 2348 1.
1116 2327 1142 2357 p.
1154 2316 1230 2353 259,
1252 2325 1315 2344 ann.
1338 2315 1361 2344 1.
