2127 2905
1009 212 1303 248 2—-88—

328 312 420 343 huius
440 312 573 343 ministri
597 317 684 342 erant
705 309 777 340 viles
799 308 940 338 homines
970 319 1006 339 ex
1032 309 1183 341 Berberz's
1199 335 1207 348 ,
1233 317 1264 342 et
1284 320 1365 340 anno
1391 310 1454 340 414
1479 309 1613 352 populus
1639 310 1844 344 Cordobensis
1861 338 1868 352 ,
1896 315 1992 357 agmi-

328 371 418 401 nibus
437 370 604 405 ordinatis,
631 367 785 399 Berberos
810 377 969 409 aggressus
990 372 1053 404 est,
1078 367 1132 409 qui
1152 367 1259 411 fugam
1284 368 1483 411 arripuerunt
1508 378 1705 411 quorumque
1724 371 1872 413 permulti
1892 373 1990 404 inter-

326 429 399 460 fecti
424 434 504 458 sunt.
554 425 674 457 Relicta
701 423 865 462 Cordoba,
890 436 921 456 se
941 425 1142 457 contulerunt
1163 426 1194 456 in
1222 425 1425 470 Campaniam
1454 425 1503 463 73,
1530 425 1679 457 Sidonam
1704 427 1842 470 aliasque
1864 431 1989 472 provin-

327 488 408 524 cias3
437 484 487 516 sed
517 482 660 514 nonnulli
689 494 841 526 pauperes
862 494 897 514 ex
922 483 1012 514 variis
1036 483 1179 515 tribubus
1196 509 1204 522 ,
1229 497 1265 517 ex
1289 484 1414 516 diversis
1435 483 1581 527 gentibus
1605 484 1746 515 miscella
1776 486 1885 525 turba,
1919 500 1950 519 se
1975 499 1991 518 a

326 544 450 586 reliquis
473 540 665 584 fugientibus
689 542 890 573 seiunxerunt
922 552 1016 584 seque
1046 541 1083 573 ad
1110 543 1327 584 'al-Qasimmn
1353 542 1577 579 contulerunt,
1615 548 1772 584 sperantes
1797 555 1834 575 eo
1864 551 1990 577 auctore

325 599 616 637 Hammudidarum
646 600 812 643 imperium
838 601 959 632 restitui
976 612 1075 644 posse.
1125 601 1165 632 Hi
1188 613 1258 633 eum
1289 602 1459 632 incitarunt
1486 606 1520 630 ut
1545 596 1686 643 Hispalin
1704 607 1933 641 reverteretur,
1959 604 1990 633 in

324 659 384 701 qua
405 657 482 688 urbe
505 657 605 688 filium
632 657 882 693 Mohammedem
907 670 979 690 cum
1002 665 1114 700 weziro
1140 658 1338 695 Mohammed
1365 654 1534 700 'ibn-Calic
1562 658 1742 701 reliquerat.
1790 660 1890 702 Igitur
1918 661 1993 692 His—

322 716 407 758 palin
430 727 534 747 versus
563 727 635 747 cum
660 716 696 747 iis
731 717 888 759 profectus
923 724 988 756 est3
1025 723 1194 760 antequam
1229 729 1300 749 vero
1332 728 1369 748 eo
1397 717 1597 760 perveniret,
1635 717 1696 748 iam
1728 717 1771 748 ibi
1806 727 1991 761 pervenerat

322 775 450 806 nuntius
474 774 512 806 de
537 774 603 806 eius
630 774 718 806 clade
733 799 741 813 ‚
767 781 798 806 et
829 776 929 813 cives,
956 776 1009 818 qui
1033 787 1145 807 noram
1176 777 1241 807 eius
1265 775 1402 806 militum
1426 775 1598 812 timebant,
1624 775 1858 807 insurrexerunt
1883 783 1989 808 contra

322 834 386 864 eius
414 833 515 863 filium
540 832 733 876 asseclasque
749 858 756 871 ,
783 839 813 865 et
841 833 897 865 hos
921 835 953 865 in
985 835 1100 877 palatio
1116 858 1124 872 ,
1151 834 1235 877 quod
1260 834 1446 871 cinxerunt,
1473 832 1686 872 obsederunt,
1712 835 1773 877 qua
1806 837 1992 878 opportuni—

323 898 383 923 tate
412 891 524 922 acriter
547 897 723 934 pugnatum
747 898 803 923 est.
856 893 941 934 Quae
971 904 1068 936 quum
1093 893 1136 923 ita
1163 898 1283 929 essent,
1311 891 1474 932 ·al-Qasim
1504 902 1576 923 cum
1601 893 1662 923 suis
1698 892 1737 923 ad
1760 892 1844 924 urbis
1868 900 1990 935 portam

322 950 415 981 venit.
465 948 592 981 Civibus
612 949 694 981 bona
722 950 815 981 verba
842 950 945 989 dedit,
975 963 1026 983 eos
1051 951 1194 994 decipere
1224 951 1373 994 cupiens3
1401 949 1454 982 sed
1479 950 1559 981 cives
1583 950 1612 981 ei
1634 961 1724 982 aures
1748 961 1811 982 non
1836 951 1990 994 praebue—

322 1015 415 1046 runt,
448 1014 478 1040 et
504 1019 602 1051 quum
632 1008 751 1040 interea
786 1009 851 1040 eius
881 1009 962 1040 filius
993 1015 1022 1040 et
1049 1009 1182 1041 asseclae
1218 1009 1249 1039 in
1286 1019 1398 1051 magno
1434 1007 1573 1051 periculo
1603 1014 1826 1046 versarentur,
1863 1009 1989 1040 tandem

322 1067 438 1098 civibus
462 1078 493 1098 se
519 1066 677 1097 abiturum
706 1067 870 1109 promisit,
897 1067 921 1098 si
945 1078 996 1098 eos
1031 1067 1069 1098 ad
1094 1079 1192 1098 unum
1225 1078 1353 1104 omneS,
1379 1066 1472 1097 simul
1496 1077 1568 1097 cum
1601 1066 1710 1109 opibus
1736 1069 1864 1110 totaque
1895 1067 1989 1098 fami—

320 1125 380 1162 lia,
406 1125 463 1168 ipsi
488 1123 609 1156 tradere
637 1124 761 1156 vellent.
822 1125 889 1156 Hac
925 1125 1104 1157 conditione
1138 1136 1210 1157 cum
1235 1137 1271 1157 eo
1297 1130 1425 1168 pactum
1461 1124 1622 1162 inierunt3
1651 1135 1712 1167 quo
1735 1126 1853 1156 factum
1877 1132 1922 1156 est
1956 1132 1989 1156 ut

320 1184 384 1213 eius
406 1183 488 1213 filius
512 1182 713 1218 Mobammed
744 1189 872 1225 totaque
897 1183 962 1215 eius
992 1184 1109 1215 familia
1141 1195 1172 1215 se
1209 1183 1247 1214 ad
1276 1183 1378 1226 ipsum
1412 1183 1600 1215 conferrent.
1662 1182 1744 1215 Cum
1768 1182 1815 1213 his
1839 1181 1990 1225 oppidum

323 1240 416 1271 Xeres
446 1241 595 1279 intravit,
633 1240 685 1273 sed
724 1240 927 1272 nihilominus
963 1252 1026 1273 non
1062 1242 1190 1274 cessavit
1218 1241 1397 1285 imperatori
1428 1241 1544 1284 Jahffi,
1576 1242 1678 1273 fratris
1715 1241 1799 1279 filio,
1835 1240 1990 1273 molestias

321 1299 489 1330 concitare.

366 1357 465 1388 Causa
489 1357 621 1389 infelicis
640 1358 740 1389 exitus
765 1369 859 1401 quem
891 1359 1069 1401 ·al-Q5simz'
1093 1371 1141 1391 res
1167 1359 1286 1402 Hispali
1312 1359 1510 1397 habuerunt,
1545 1360 1696 1402 imprimis
1722 1357 1898 1401 quaerenda
1924 1365 1988 1389 erat

321 1419 351 1448 in
376 1417 440 1447 viro
463 1415 514 1446 cui
537 1415 737 1452 confidebat,
763 1427 876 1460 nempe
896 1416 1093 1452 llIohammed
1120 1417 1266 1448 ·ibn-Ziri
1293 1417 1499 1453 ibn-Danas,
1526 1429 1561 1449 ex
1584 1417 1667 1448 tribu
1687 1417 1793 1448 Isoren
1817 1417 1856 1447 7⁴¹.
1894 1416 1987 1448 Hunc

321 1475 469 1519 cupidum
492 1473 625 1505 reddidit
649 1475 814 1516 primarius
835 1468 968 1506 civitatis
995 1476 1041 1506 vir
1056 1499 1064 1513 ,
1093 1476 1206 1517 Qarjius
1231 1474 1431 1510 Mohammed
1457 1475 1658 1506 -ibnslsmazil
1681 1474 1879 1506 ’ibn—'Abbad
1895 1499 1904 1513 ,
1931 1481 1987 1512 ut,

321 1539 388 1576 post
407 1532 583 1573 ·al-Qasimz‘
605 1531 771 1563 discessum
785 1556 794 1569 ‚
818 1532 904 1564 urbis
927 1533 1094 1576 imperium
1119 1533 1352 1575 adipisceretur.
1396 1534 1552 1565 Berberus
1571 1533 1624 1565 ille
1646 1545 1676 1565 se
1696 1532 1908 1565 'ibn-‘Abbadz‘
1928 1545 1988 1564 ser-

320 1591 464 1623 monibus
495 1589 595 1633 decipi
619 1601 725 1633 passus
748 1596 814 1629 est;
841 1596 968 1633 pactum
984 1602 1057 1622 cum
1083 1602 1119 1623 eo
1144 1591 1213 1622 iniit
1236 1597 1266 1622 et
1285 1591 1403 1622 civibus
1426 1591 1662 1634 Hispalensibus
1684 1603 1776 1635 opem
1798 1592 1888 1629 tulit,
1915 1602 1986 1623 cum

321 1647 539 1684 lvlohammede
554 1672 562 1685 ‚
591 1648 772 1690 ·al-Qasimz'
794 1648 858 1679 filio
874 1673 883 1687 ,
914 1648 1155 1685 dimicantibus,
1192 1660 1228 1680 eo
1257 1655 1371 1680 eventu
1396 1655 1430 1680 ut
1460 1649 1552 1680 liuius
1579 1650 1668 1680 sociis
1692 1661 1754 1680 non
1778 1649 1911 1693 amplius
1935 1660 1987 1680 co-

321 1707 484 1740 haerentia
508 1712 608 1743 esset,
635 1712 733 1749 utque
759 1706 868 1738 urbem
899 1707 1077 1750 relinquere
1111 1707 1283 1744 deberent,
1318 1718 1398 1750 quae
1425 1708 1456 1738 in
1481 1708 1595 1738 civium
1619 1714 1805 1750 potestatem
1834 1707 1984 1745 devenit;

321 1766 373 1798 sed
398 1772 473 1796 tunc
497 1775 547 1795 eos
572 1764 689 1796 irruere
717 1765 791 1796 fecit
812 1765 841 1788 75
864 1764 1051 1796 ’ΠΠι-Άὶὼῇά
1067 1789 1074 1802 ‚
1112 1765 1243 1796 civitatis
1268 1766 1313 1796 vir
1343 1765 1528 1808 primarius,
1560 1766 1592 1796 in
1617 1766 1772 1809 perfidum
1808 1765 1897 1797 illum
1922 1765 1987 1797 Μο-

322 1823 466 1860 hammed
495 1821 648 1853 ·ibn-Ziri.
708 1822 811 1853 Etiam
837 1822 889 1853 hic
919 1833 955 1853 ex
987 1822 1064 1854 urbe
1095 1823 1187 1860 exiit,
1221 1834 1237 1853 a
1260 1834 1321 1866 quo
1350 1822 1422 1854 inde
1454 1830 1593 1866 tempore
1620 1824 1753 1867 Hispalis
1787 1835 1803 1854 a
1837 1824 1987 1855 Berberz‘s

321 1882 417 1913 libera
437 1880 507 1911 suit.

368 1940 474 1972 Exitus
498 1937 575 1970 belli
607 1938 690 1980 quod
728 1938 892 1980 ‘al-Qasim
928 1944 1036 1971 contra
1062 1938 1164 1970 fratris
1192 1939 1293 1970 filium
1316 1939 1411 1982 Jahja
1446 1939 1594 1983 gerebat,
1624 1940 1675 1972 hic
1700 1939 1780 1971 fuit:
1818 1940 1911 1982 Jal-ija¹
1935 1951 1987 1983 pa-

321 2072 370 2107 73)
403 2071 446 2099 La
464 2073 594 2110 campiwia.

321 2125 370 2162 74)
399 2126 443 2154 Sic
464 2125 513 2153 hoc
531 2135 628 2154 nomen
650 2125 737 2153 tribas
759 2125 919 2153 Berbericae
941 2125 1087 2163 pronuntio
1101 2146 1109 2160 ,
1132 2135 1185 2153 non
1199 2125 1299 2160 Isren,
1322 2128 1350 2152 ut
1368 2126 1429 2153 fecit
1447 2125 1479 2154 de
1498 2126 1577 2155 Slane
1599 2127 1625 2154 in
1645 2127 1764 2155 versione.
1781 2121 1984 2154 'Ianaldnnzz

402 2193 543 2231 ‘As-Sojuu
559 2194 587 2221 in
605 2192 698 2220 Lobbo
716 2192 828 2221 'l-lobc‘zb
846 2193 1021 2231 pronuntiare
1042 2192 1115 2220 iubet
1135 2179 1210 2241 0232}
1231 2192 1360 2228 Jesoren.
1404 2193 1496 2222 Prima
1515 2193 1611 2230 syllaba
1629 2197 1668 2221 est
1689 2194 1713 2227 i;
1727 2194 1762 2228 je
1783 2196 1886 2221 tantuin
1900 2194 1985 2221 forma

400 2251 438 2276 est
461 2248 592 2280 Arabica3
613 2246 657 2275 sed
679 2246 794 2275 secunda
815 2247 912 2284 syllaba
930 2250 968 2275 est
979 2247 1016 2282 so
1036 2246 1075 2274 vel
1088 2247 1147 2282 fu,
1170 2256 1231 2274 nam
1253 2246 1397 2284 CorippuS‚
1420 2248 1466 2286 qui
1487 2247 1591 2276 saeculo
1608 2251 1680 2276 sexto
1700 2246 1891 2275 Iohanneidem
1909 2257 1984 2275 com-

400 2303 500 2339 posuit,
524 2301 616 2330 scribit
638 2301 774 2335 Isuranes
797 2300 877 2338 (solus
901 2301 946 2339 qui
963 2301 1080 2328 innotuit
1106 2299 1193 2328 Codex
1216 2299 1295 2328 habet
1316 2300 1466 2336 Ifuraces,
1487 2300 1558 2341 quod
1580 2301 1612 2329 de
1634 2300 1714 2329 Slane
1732 2301 1784 2329 iam
1807 2301 1944 2338 correxit).

324 2355 373 2390 75)
401 2355 471 2384 Haec
490 2356 646 2394 significatio
670 2355 710 2384 2sse
736 2356 837 2384 formae
860 2354 933 2383 verbi
955 2358 1027 2398 ΨΒ,
1049 2354 1148 2383 Lexico
1166 2353 1284 2382 addenda
1301 2357 1348 2383 est.
