2127 2905
794 222 1107 258 —131—

124 325 242 359 bellum
262 329 371 356 contra
393 320 664 362 ·1hn-3Abb5dum;
702 323 746 354 sic
768 322 878 356 foedus
913 324 995 356 inter
1018 335 1069 357 eos
1093 323 1261 368 abruptum
1285 329 1351 362 est,
1387 330 1417 357 et
1451 324 1506 357 illo
1536 331 1676 369 tempore
1699 328 1781 359 misit

120 393 355 428 'Ibno-'l-Aftas
383 393 503 436 equites
527 393 582 436 qui
600 391 810 424 incursionem
835 391 974 423 facerent
997 392 1030 423 in
1054 397 1169 424 terram
1187 392 1389 436 'Ibn-Jahjai.
1437 393 1497 426 Hic
1520 404 1611 437 opem
1633 393 1780 437 implora·

123 463 166 494 vit
187 461 226 493 ab
247 460 394 498 *Abbadffi
418 461 472 504 qui
501 459 538 491 ad
562 470 635 492 eum
659 460 779 502 equites
812 458 896 489 misit
921 458 1061 491 selectos.
1121 459 1162 491 Hi
1187 461 1319 493 assecuti
1344 468 1415 493 sunt
1452 463 1572 505 equites
1593 461 1756 496 Astasidae
1772 489 1779 501 ,

122 531 177 575 qui
199 536 316 562 terram
342 527 474 561 Nieblae
508 525 820 571 perpopulabantur‚
853 525 995 568 quique,
1032 536 1131 570 quum
1155 527 1252 572 duplo
1277 529 1408 561 maiores
1431 541 1561 563 numero
1585 538 1709 570 essent,
1735 543 1782 564 re-

121 598 267 635 dierunt,
291 597 359 628 illos
385 594 484 626 adorti
509 600 582 626 sunt
605 600 636 625 et
659 593 759 625 calide
779 594 955 636 persecuti;
983 593 1035 627 sed
1063 605 1161 638 quum
1193 596 1248 627 tali
1276 595 1315 628 de
1347 607 1380 629 re
1411 599 1541 631 minime
1577 601 1781 643 cogitabant,

119 665 248 702 Abbad,
274 664 421 707 quicum
453 662 514 693 suis
537 660 724 705 primoribus
745 661 872 693 insidias
901 662 1093 702 intraverat,
1130 674 1238 696 eorum
1270 670 1355 708 terga
1387 665 1558 709 premebat.
1607 667 1782 714 Obstupue-

120 739 194 765 runt
213 732 259 764 illi
283 737 314 763 et
335 731 367 762 in
387 730 494 773 fugam
514 740 546 761 se
568 728 781 761 contulerunt.
832 729 920 762 Tunc
944 738 1097 774 grassatus
1129 737 1175 764 est
1203 731 1323 775 gladius
1351 739 1382 765 et
1405 733 1513 765 *Abbad
1534 737 1701 779 pecuniam
1727 738 1782 768 ob-

120 799 193 832 tulit
218 800 263 824 106
299 799 336 830 iis
364 798 419 841 qui
443 797 501 840 ipsi
534 796 670 828 hostium
702 797 804 840 capita
830 797 986 831 afferrent.
1036 801 1134 833 Erant
1156 799 1189 832 hi
1212 801 1368 846 principes
1400 802 1481 835 inter
1505 804 1624 847 equites
1646 805 1785 838 ‘Ibno-’l-

120 867 224 900 Aftasi
250 872 281 898 et
303 865 462 897 fortissimi
485 865 568 896 inter
590 864 655 895 eius
676 864 816 908 pedites;
854 865 1070 900 ibn-ubbado
1094 875 1200 901 autem
1223 880 1259 901 ex
1288 869 1401 902 horum
1425 872 1579 914 capitibus
1604 880 1731 906 centum
1755 881 1784 905 et

120 933 347 978 quinquaginta
364 933 497 965 abscissa
520 939 592 965 sunt
616 939 647 965 et
667 933 796 965 totidem
820 945 857 966 ex
881 936 1035 979 capitibus
1063 936 1209 975 illorum,
1242 937 1284 969 ita
1309 944 1343 970 ut
1373 938 1539 972 adversarii
1561 941 1641 972 alam
1665 953 1784 974 reseca-

122 1009 168 1034 ret
192 1008 222 1033 et
246 1001 427 1032 fortissimos
451 1001 516 1032 eius
549 1000 664 1032 milites
698 1000 735 1032 ad
760 1002 887 1033 exitium
919 1002 1017 1036 daret.
1077 1004 1197 1037 Deinde
1221 1005 1347 1042 zAbba‘d,
1380 1007 1468 1038 sociis
1494 1009 1555 1040 suis
1590 1010 1727 1041 collectis
1756 1017 1786 1041 et

124 1069 281 1112 equitibus
296 1092 305 1106 ,
332 1067 446 1111 quibus
470 1067 621 1111 praefecit
645 1068 746 1100 filium
770 1080 860 1100 suum
884 1069 1052 1102 ’Ismatilem
1077 1078 1107 1103 et
1128 1072 1292 1105 Wezirum
1320 1074 1594 1114 'Ibn-Sallamum,
1620 1077 1692 1108 exiit
1713 1088 1787 1108 con-

121 1144 169 1168 tra
194 1136 350 1168 Evoram.¹
394 1135 517 1167 Interea
541 1136 636 1166 etiam
658 1135 890 1168 'Ibno-'l-Astas
916 1138 1034 1170 socium
1058 1139 1157 1184 'Ishaq
1182 1141 1465 1176 ·ibn·²Abdi-'l·lah
1493 1146 1536 1168 ¹0⁷
1562 1142 1786 1181 advocaverat,

124 1205 211 1237 cuius
232 1204 371 1247 equites,
398 1202 511 1246 quibus
530 1209 674 1246 praeerat
694 1204 759 1235 eius
785 1204 867 1236 filius
887 1205 1093 1247 Aba-’l-21zz‚
1119 1221 1150 1242 se
1170 1201 1228 1254 ipsi
1250 1211 1477 1250 adiunxerunt‚
1502 1200 1666 1256 postquam
1682 1223 1788 1245 omnes

119 1273 204 1311 illos,
219 1272 273 1315 qui
295 1277 365 1315 post
388 1270 509 1302 cladem
531 1270 569 1302 de
591 1271 652 1313 qua
675 1270 808 1303 diximus
833 1275 1014 1317 superstites
1034 1283 1143 1316 erant,
1171 1278 1338 1322 collegerat
1354 1304 1362 1317 ,
1388 1291 1495 1312 omnes
1512 1291 1584 1313 suae
1608 1281 1692 1312 urbis
1713 1280 1787 1312 divi-

122 1347 166 1372 tes
190 1342 234 1363 109
250 1364 258 1378 ‚
286 1340 340 1383 qui
363 1339 504 1382 equitare
528 1344 695 1381 poterant,
733 1339 771 1371 ad
792 1352 877 1373 arma
906 1350 1092 1382 vocaverat,
1130 1351 1160 1377 et
1189 1357 1336 1390 magnam
1369 1353 1525 1380 catervam
1550 1359 1584 1380 ex
1609 1348 1787 1380 hominibus

122 1409 243 1440 rusticis
265 1419 338 1440 suae
363 1407 541 1451 provinciae
566 1415 818 1450 congregaverat.
867 1408 1045 1443 comitante
1066 1412 1162 1455 igitur
1180 1413 1240 1445 hac
1265 1414 1405 1458 undique
1429 1415 1560 1448 collecta
1580 1415 1671 1447 turba
1686 1439 1695 1454 ,
1714 1426 1788 1459 pro-

126 1477 224 1508 sectus
249 1482 295 1508 est
315 1481 350 1507 ut
373 1473 585 1507 ’Ibn-Abhadz·
607 1475 727 1517 equites
759 1475 798 1507 ab
829 1477 931 1509 Evora
960 1479 1103 1521 pelleret.
1154 1479 1302 1512 Dixerant
1326 1482 1453 1525 quidem
1481 1483 1612 1515 Berberz'
1628 1484 1693 1515 eius
1714 1485 1788 1515 socii

121 1544 240 1588 'Isi-laq,
277 1544 332 1588 qui
356 1545 388 1576 in
412 1544 479 1575 eius
500 1542 637 1574 exercitu
661 1549 770 1574 erant:
810 1543 923 1577 «Cave
955 1545 994 1576 ab
1022 1547 1102 1584 illis,
1127 1558 1201 1579 nam
1225 1549 1324 1580 nescis
1349 1556 1426 1592 quot
1458 1551 1629 1594 qualesque
1657 1551 1717 1582 sint
1742 1551 1788 1581 illi

121 1613 206 1656 «qui
235 1618 343 1644 contra
367 1618 398 1643 te
425 1610 692 1654 proficiscuntur3
731 1622 786 1643 nos
810 1623 882 1645 vero
906 1612 975 1644 illos
999 1613 1133 1646 vidimus
1168 1621 1199 1647 et
1224 1615 1397 1648 audivimus
1422 1617 1490 1649 illos
1516 1617 1636 1662 Hispali
1661 1629 1787 1662 congre-

121 1693 140 1711 «
150 1680 250 1724 gari.»
298 1679 359 1712 Sed
377 1679 430 1711 ille
453 1679 490 1710 iis
515 1688 603 1709 aures
627 1678 778 1721 praebere
801 1678 903 1711 noluit
923 1680 1046 1724 iterque
1067 1690 1248 1725 persecutus
1272 1691 1327 1716 est.
1384 1685 1564 1729 Utrumque
1593 1697 1704 1729 agmen
1732 1688 1786 1730 igi·

119 1755 171 1779 tur
195 1747 332 1786 collisit,
358 1746 487 1778 consilio
509 1756 573 1777 non
590 1756 744 1789 perpenso
766 1751 797 1778 et
817 1746 884 1778 acie
905 1758 968 1778 non
985 1748 1137 1782 instructa
1151 1752 1165 1788 3⁴
1189 1762 1351 1794 quumque
1373 1752 1488 1784 milites
1507 1754 1666 1785 commixti
1686 1762 1787 1786 essent

122 1821 152 1847 et
176 1814 371 1858 aliquamdiu
389 1819 604 1858 pugnassent,
629 1813 743 1845 milites
759 1813 886 1846 *Abbadz'
900 1838 908 1852 ‚
934 1815 1056 1848 fortiter
1079 1816 1281 1856 dimicantes,
1307 1820 1445 1862 repetitis
1469 1820 1587 1852 vicibus
1611 1822 1643 1852 in
1665 1821 1785 1854 hostem

120 1886 272 1927 impetum
293 1882 456 1919 fecerunt,
481 1892 518 1912 eo
548 1886 664 1912 eventu
696 1887 732 1913 ut
755 1881 908 1920 Berberz'‚
932 1883 1047 1915 milites
1071 1883 1188 1928 'Ishaqz‘
1201 1910 1210 1924 ,
1234 1886 1523 1919 ’Ibn0-⁷l-Aftasum
1549 1888 1784 1932 relinquerent,

118 1952 171 1984 hic
194 1951 302 1995 fugam
325 1949 498 1992 arriperet,
535 1953 589 1986 et,
615 1948 717 1991 gladio
746 1949 778 1981 in
803 1949 869 1981 eius
897 1950 1011 1984 milites
1041 1953 1184 1985 coniecto
1200 1978 1208 1992 ‚
1233 1953 1267 1986 hi
1298 1954 1363 1986 fere
1399 1966 1505 1987 omnes
1534 1956 1690 1989 interfecti
1714 1958 1784 1990 sint.

122 2020 226 2052 Etiam
253 2017 387 2055 ·a1-=Izz,
412 2015 496 2048 filius
517 2014 655 2059 'Ishaqi‚
692 2017 877 2050 interfectus
908 2025 975 2058 est,
1006 2020 1095 2052 cuius
1126 2028 1222 2065 caput
1251 2021 1421 2055 abscissum
1441 2029 1471 2055 et
1493 2023 1634 2068 Hispalin
1657 2025 1784 2057 missum

126 2202 192 2239 106)
223 2201 264 2230 De
285 2200 335 2229 hac
358 2200 553 2239 significatione
573 2201 647 2229 verbi
668 2197 732 2242 ὁᾲἓ
754 2202 878 2231 annotavi
900 2203 927 2232 in
951 2214 1012 2233 meo
1034 2204 1104 2233 libro
1123 2205 1179 2234 Vol.
1203 2206 1242 2235 II.
1264 2217 1291 2246 p.
1311 2206 1367 2236 174
1385 2218 1437 2246 sq.‚
1460 2218 1523 2237 ann.
1543 2207 1590 2237 98.

125 2255 191 2292 107)
220 2254 376 2293 Principem
398 2254 558 2284 cai-monae.

123 2308 191 2347 108)
220 2309 260 2337 De
279 2309 329 2338 hac
349 2309 420 2337 vocis
452 2310 540 2350 ont„
568 2309 760 2348 significatione
783 2320 806 2340 v,
838 2320 929 2341 meum
952 2311 1119 2343 Glossarium
1142 2313 1175 2343 ad
1192 2313 1399 2344 ‘Iba-Adarium
1430 2326 1453 2353 p.
1474 2315 1491 2344 7
1524 2319 1549 2344 et
1578 2316 1647 2346 locos
1673 2327 1704 2347 ex
1725 2328 1784 2348 meo

220 2362 417 2392 Dictionnaire
438 2363 485 2392 des
504 2364 646 2392 vetements
666 2373 732 2402 quos
750 2363 787 2392 ibi
807 2364 893 2395 attuli.

1490 2422 1546 2451 18·
