2127 2905
636 659 941 700 CAPUT
1017 658 1559 701 SECUNDUM.

1007 815 1202 835 —tdob—

318 946 408 977 Haud
433 955 532 989 pauca
555 944 667 975 auxilia
692 955 776 976 nunc
800 944 922 982 habeo,
954 945 1067 988 quibus
1102 945 1161 976 hoc
1186 951 1279 988 caput
1295 969 1303 982 ,
1340 945 1391 975 cui
1414 944 1581 976 inscribere
1615 943 1812 976 debuissem:
1853 944 1936 975 Loci

273 1004 514 1047 Ιὸη-ζίαῇᾶηίε
539 1007 572 1034 et
595 1003 840 1035 Iba-Bassam
855 1028 863 1041 ,
890 1003 1056 1035 emendare
1078 1009 1108 1034 et
1130 1003 1274 1046 supplere
1297 1013 1433 1046 possum.
1481 1002 1651 1045 Repertum
1673 1003 1758 1034 enim
1785 1009 1830 1034 est
1854 1006 1936 1046 pri-

272 1075 358 1094 mum
386 1063 529 1094 volumen
557 1061 783 1093 'Ibn-Bassamz'
797 1086 805 1100 ,
832 1061 915 1104 quod
939 1061 1073 1105 possidet
1097 1061 1144 1093 Cl.
1178 1061 1264 1094 Mohl
1280 1085 1288 1098 ‚
1315 1061 1369 1103 qui
1400 1061 1465 1092 eius
1495 1071 1585 1092 usum
1610 1060 1687 1092 mihi
1723 1060 1936 1094 liberalissime

273 1122 434 1152 concessit.
482 1120 540 1151 Hic
563 1119 665 1151 Codex
682 1144 689 1158 ‚
716 1120 803 1150 cuius
828 1119 1067 1163 descriptionem
1092 1120 1172 1150 infra
1196 1119 1277 1150 dabo
1292 1143 1300 1157 ,
1327 1124 1462 1161 quatuor
1488 1118 1571 1150 locos
1597 1118 1635 1150 de
1658 1118 1837 1150 ‘Abbadrdz's
1862 1131 1936 1151 con-

274 1180 371 1215 tinet,
399 1189 475 1220 quos
510 1177 648 1209 editurus
677 1189 745 1208 sum
761 1202 769 1215 ,
795 1184 825 1209 et
857 1178 1019 1221 complura
1040 1178 1130 1209 offert
1154 1189 1189 1209 ex
1214 1177 1327 1221 quibus
1350 1188 1452 1209 meam
1488 1176 1526 1208 de
1548 1176 1778 1209 ‘lbn-Bassamo
1810 1178 1938 1220 eiusque

272 1237 415 1280 operibus
441 1235 686 1267 dissertationem
712 1235 911 1279 amplificabo
936 1242 966 1267 et
991 1237 1156 1279 corrigam.

319 1294 407 1335 Quod
433 1295 542 1325 attinet
571 1293 608 1324 ad
641 1294 743 1331 locos,
771 1305 846 1337 quos
867 1305 903 1325 ex
935 1294 1093 1326 volumine
1126 1293 1273 1325 secundo
1299 1292 1429 1335 (Codice
1455 1292 1634 1334 Oxoniensi)
1668 1293 1768 1330 edidi,
1807 1294 1936 1326 alicuius

273 1352 413 1383 utilitatis
438 1351 514 1381 mihi
545 1351 603 1382 suit
628 1351 839 1394 fragmentum
871 1352 956 1394 quod
987 1352 1067 1384 Nob.
1093 1351 1132 1384 de
1165 1351 1283 1389 Slane,
1322 1351 1464 1394 Algeriae
1500 1362 1598 1394 quum
1634 1358 1722 1390 erat,
1758 1353 1872 1395 reperit
1897 1353 1935 1383 ad

273 1410 390 1441 calcem
418 1407 539 1440 Codicis
564 1410 617 1452 qui
641 1410 776 1452 priorem
808 1416 929 1453 partem
965 1411 1036 1442 libri
1072 1422 1100 1441 c.
1126 1417 1149 1441 t.
1174 1409 1289 1456 &jhm
1320 1409 1431 1454 &2955
1459 1410 1567 1453 (quem
1591 1420 1646 1441 nos
1666 1410 1867 1452 'ccl—Qartds
1887 1423 1939 1454 ap-

272 1473 389 1515 pellare
414 1471 560 1512 solemus)
583 1471 733 1503 continet.
796 1471 890 1503 Offert
918 1471 1001 1502 locos
1026 1482 1103 1514 quos
1128 1470 1210 1502 edidi
1243 1471 1383 1514 (excepto
1416 1471 1519 1514 capite
1552 1470 1590 1502 de
1616 1470 1851 1514 Becridz's‚'p.
1875 1473 1937 1503 252

273 1542 318 1573 sq.
340 1530 411 1561 libri
435 1530 496 1560 mei
512 1554 519 1566 ‚
546 1529 627 1572 quod
653 1541 687 1560 ex
714 1529 772 1560 alia
797 1528 868 1560 libri
888 1536 976 1572 parte
1012 1529 1189 1561 desumtum
1222 1529 1279 1571 est)
1305 1540 1404 1572 usque
1438 1528 1475 1559 ad
1499 1528 1571 1559 libri
1594 1530 1656 1560 mei
1678 1531 1825 1573 paginam
1850 1532 1937 1567 301,

274 1600 316 1619 vs.
343 1590 406 1626 20,
432 1594 462 1619 et
482 1587 618 1618 subsistit
648 1588 680 1618 in
712 1587 811 1618 verbis
836 1587 918 1626 04:535
941 1587 1010 1636 655.
1071 1588 1148 1625 Est,
1175 1594 1209 1618 ut
1234 1587 1271 1618 ad
1303 1599 1353 1619 me
1381 1587 1501 1630 scripsit
1527 1586 1633 1619 Nobil.
1660 1588 1698 1620 de
1734 1588 1828 1621 Slane
1844 1614 1851 1627 ‚
1877 1601 1940 1621 una

274 1656 396 1680 tantum
421 1655 566 1684 corrasa
588 1648 735 1679 undecim
759 1648 904 1679 foliorum
929 1655 959 1680 et
980 1649 1097 1680 formae
1122 1649 1315 1691 quadratae3
1344 1658 1552 1691 unaquaeque
1575 1649 1688 1692 pagina
1714 1650 1821 1693 viginti
1847 1652 1940 1693 quin-

275 1719 334 1749 que
355 1707 459 1738 versus
480 1707 630 1737 eontinet.
681 1706 841 1749 Scriptura
859 1712 904 1737 est
925 1705 1081 1738 Africana.
1131 1707 1226 1738 Tituli
1244 1707 1381 1750 capitum
1403 1706 1522 1738 alterne
1541 1707 1627 1738 rubri
1646 1714 1717 1739 sunt
1735 1714 1765 1739 et
1790 1709 1937 1740 caerulei.

276 1764 390 1795 Charta
415 1771 459 1795 est
483 1764 694 1806 bombycina,
720 1764 807 1807 lapsu
833 1765 980 1807 temporis
1009 1765 1088 1795 flava
1115 1765 1209 1796 sacta.
1258 1765 1295 1795 In
1319 1765 1419 1807 prima
1440 1764 1606 1808 fragmenti
1626 1766 1739 1809 pagina
1770 1767 1848 1798 nihil
1869 1768 1940 1798 scri-

274 1829 362 1865 ptum
388 1828 455 1858 est,
481 1828 511 1853 et
531 1821 643 1852 desinit
668 1822 699 1852 in
722 1833 811 1854 versu
835 1821 957 1853 decimo
984 1822 1093 1865 quinto
1114 1823 1246 1865 paginae
1270 1822 1409 1853 ultimae.
1468 1823 1512 1854 Ex
1540 1823 1656 1856 Nobil.³
1681 1824 1719 1856 de
1751 1824 1844 1855 Slane
1873 1824 1939 1867 opi-

274 1882 385 1917 nione,
411 1887 456 1911 est
480 1886 659 1922 excerptum
680 1879 763 1923 quod
783 1890 947 1922 nunquam
970 1880 1008 1911 ad
1028 1881 1174 1912 volumen
1198 1880 1355 1923 quoddam
1373 1880 1536 1923 pertinuit.

319 1939 541 1981 Fragmentum
563 1938 640 1969 illud
656 1963 664 1975 ‚
691 1937 774 1980 quod
796 1937 945 1970 benevole
970 1939 1103 1970 contulit
1135 1939 1240 1971 Nobil.
1262 1938 1300 1969 de
1324 1938 1418 1970 Slane
1443 1950 1515 1970 cum
1543 1941 1611 1971 mea
1640 1939 1793 1978 editione,
1820 1947 1937 1972 tantam

274 2008 343 2027 cum
367 1996 481 2028 Codice
509 1996 676 2028 Oxoniensi
696 1996 791 2027 habet
810 1996 993 2028 affinitatem
1009 2021 1017 2034 ,
1043 2003 1077 2028 ut
1102 2004 1155 2028 aut
1175 2009 1210 2029 ex
1231 1997 1291 2028 hoc
1306 2021 1314 2034 ‚
1341 2008 1439 2040 quum
1464 1996 1566 2029 adhuc
1583 1998 1616 2029 in
1645 1997 1749 2030 Africa
1770 2005 1835 2030 erat
1851 2024 1859 2037 ‚
1885 1999 1939 2031 de-

275 2056 423 2098 scriptum
459 2056 519 2093 sit,
554 2061 607 2086 aut
638 2060 721 2086 certe
753 2066 788 2086 ex
810 2054 919 2086 eodem
944 2054 1136 2098 archetypo;
1173 2055 1237 2087 fere
1261 2066 1382 2098 semper
1413 2055 1536 2087 easdem
1568 2057 1657 2089 offert
1691 2057 1859 2094 lectiones,
1885 2064 1937 2093 et,

275 2113 356 2155 quod
380 2114 513 2145 maxime
538 2113 708 2145 dolendum
732 2119 800 2151 est,
837 2113 929 2156 plane
954 2113 1077 2145 easdem
1101 2113 1228 2144 lacunas
1245 2138 1252 2151 ‚
1278 2114 1331 2145 sed
1361 2114 1393 2145 in
1418 2115 1596 2146 universum
1623 2115 1715 2158 longe
1739 2115 1829 2158 plura
1852 2127 1939 2147 men·

274 2172 311 2202 da
334 2173 426 2205 habet
452 2183 546 2215 quam
572 2171 675 2203 Codex
702 2172 891 2204 Oxoniensis.
947 2172 1034 2204 Utile
1056 2178 1162 2204 tamen
1186 2171 1263 2203 mihi
1287 2172 1347 2203 suit
1381 2172 1440 2204 hoc
1463 2173 1694 2216 fragmentum,
1721 2173 1804 2216 quod
1835 2174 1867 2204 in
1890 2185 1937 2206 se-

275 2231 440 2272 quentibus
459 2231 554 2262 literis
579 2230 630 2262 Fr.
656 2230 844 2274 designabo,
871 2231 944 2274 quia
966 2230 1069 2263 Codex
1095 2230 1276 2263 Oxoniensis
1301 2242 1363 2262 non
1388 2243 1510 2275 semper
1532 2231 1617 2263 lectu
1641 2231 1739 2263 facilis
1759 2238 1814 2263 est.

320 2288 404 2319 Haec
424 2289 517 2320 etiam
542 2299 634 2320 causa
660 2289 719 2320 suit
750 2296 940 2333 quapropter
965 2289 1051 2321 hunc
1071 2289 1173 2322 denuo
1204 2290 1337 2321 conferri
1365 2290 1536 2333 optabam3
1564 2289 1679 2321 etenim
1705 2289 1817 2322 Oxonii
1841 2302 1938 2334 quum

275 2345 435 2384 versabar,
461 2358 495 2379 ea
520 2359 599 2390 quae
623 2347 846 2392 descripseram
870 2359 933 2380 non
948 2373 957 2386 ,
987 2354 1022 2380 ut
1046 2354 1198 2392 optassem
1213 2373 1222 2388 ‚
1248 2355 1365 2382 attente
1389 2347 1583 2382 considerare
1598 2373 1606 2387 ‚
1631 2348 1802 2392 ponderare
1827 2356 1858 2382 et
1882 2349 1937 2382 de—
