2127 2905
815 436 1127 478 CAPUT
1203 436 1542 480 NONUM.

382 769 455 810 Pag.
477 769 514 798 47
529 791 537 802 ,
564 777 606 797 vs.
631 767 649 796 2
676 777 691 796 a
712 766 732 796 f.
759 770 789 797 et
808 776 881 796 ann.
904 768 935 797 2.
986 766 1046 798 Hic
1070 778 1174 799 versus
1198 766 1229 797 id
1254 766 1336 809 quod
1358 767 1389 797 in
1410 767 1549 798 versione
1570 765 1641 798 dedi
1661 766 1836 809 significare
1862 777 1925 798 non
1951 778 2003 810 po-

338 847 404 871 test.
454 839 582 872 Servata
609 836 731 869 Codicis
752 838 1008 881 pronuntiatione
1033 825 1064 888 ὁ),
1079 864 1088 876 ,
1110 850 1195 870 nunc
1219 839 1262 869 sic
1284 838 1376 881 lego:

879 900 893 912 f
984 907 992 919 ν

620 905 709 970 με,
738 910 840 969 ougo
864 906 937 967 ij
958 905 994 970 Z)
1017 919 1067 964 ,3,
1145 912 1242 969 &3355
1270 921 1339 969 &is
1368 900 1446 962 1>ss
1468 920 1507 966 0⁸
1533 908 1595 963 Q
1622 905 1666 959 „33
1694 919 1733 962 s,

428 1002 529 1033 Fieri
556 1012 620 1032 ‘non
638 1006 757 1044 polest
781 1003 863 1043 quin
889 1002 1080 1044 (aliquando
1106 1001 1310 1032 mortalibus
1336 1002 1527 1044 z'mperz‘tem
1545 1025 1552 1037 ,
1579 1003 1719 1031 etiamsi
1738 1002 1824 1033 Amr
1849 1007 1881 1031 et
1906 1000 2006 1033 ,ἑῖυιίν

473 1071 781 1101 resuscitarentur.

382 1141 457 1170 *Amr
481 1145 511 1170 et
536 1135 623 1169 ‘Emis
654 1143 725 1167 sunt
756 1138 882 1168 nomina
918 1138 1120 1180 antiquorum
1154 1138 1298 1170 heroum.
1357 1137 1532 1178 Quemnam
1565 1137 1695 1168 ‘Amrum
1728 1142 1819 1179 poeta
1849 1138 2005 1180 potissime

340 1205 541 1248 spectaverit,
567 1204 694 1236 difficile
715 1211 760 1237 est
778 1204 884 1242 dictu,
910 1216 983 1236 nam
1004 1205 1156 1237 habemus
1173 1205 1247 1244 hic,
1268 1212 1303 1237 ut
1325 1204 1407 1236 Galli
1427 1204 1535 1236 dicunt
1548 1229 1556 1242 ‚
1582 1204 1793 1236 «l'embarras
1813 1204 1856 1236 du
1872 1205 1975 1243 choix;
1991 1217 2010 1234 »

339 1278 390 1309 sed
427 1276 514 1309 'rimis
538 1277 754 1309 verosimiliter
782 1284 825 1308 est
857 1276 1117 1309 celebratissimus
1149 1278 1201 1310 ille
1235 1259 1331 1309 asim&
1360 1262 1477 1309 ᾂεὶὲέ.
1538 1275 1652 1308 Sensus
1684 1277 1779 1319 igitur
1805 1278 1909 1309 versus
1939 1284 2007 1308 est:

339 1359 509 1401 imperium
533 1358 680 1390 obtinebo
697 1384 704 1396 ,
728 1359 848 1390 etiamsi
873 1360 995 1403 antiqui
1014 1359 1124 1391 heroes
1149 1359 1409 1391 resuscitarentur
1428 1357 1570 1400 mihique
1592 1358 1762 1391 obstarent.

384 1426 457 1469 Pag.
479 1428 519 1458 48
536 1450 543 1463 ,
570 1437 641 1457 ann.
666 1429 696 1457 3.
746 1426 786 1458 Hi
804 1428 908 1457 versus
923 1452 931 1463 ‚
957 1427 989 1458 in
1015 1427 1129 1469 quibus
1162 1438 1253 1459 senex
1278 1427 1316 1459 de
1343 1428 1448 1470 elapsa
1472 1427 1635 1459 iuventute
1666 1426 1826 1469 quaeritur
1842 1450 1849 1463 ,
1876 1427 1919 1457 sic
1944 1436 2010 1456 ver-

341 1493 425 1525 tendi
447 1500 534 1524 sunt:

430 1562 558 1592 Amator
573 1585 581 1599 ‚
608 1562 661 1604 qui
686 1562 834 1593 amasiam
859 1573 921 1593 non
945 1561 1040 1594 habet
1056 1586 1064 1600 ,
1090 1562 1174 1594 videt
1204 1574 1265 1605 quo
1290 1562 1382 1594 modo
1414 1563 1597 1605 resipiscens
1631 1561 1667 1592 ad
1693 1561 1793 1593 Deum
1819 1561 1918 1594 redire
1943 1572 2010 1603 pos-

473 1634 540 1665 set,
566 1627 735 1659 dummodo
760 1628 863 1660 vellet.

429 1697 529 1728 Deflet
554 1696 723 1728 iuvenilem
743 1708 881 1728 amorem
906 1697 960 1739 qui
982 1708 1055 1728 eum
1079 1698 1229 1740 reliquit,
1255 1697 1331 1729 dum
1356 1697 1567 1740 intempestivi
1590 1696 1691 1728 rident
1712 1697 1744 1727 in
1761 1697 1876 1728 vertice
1905 1697 1987 1728 cani.

428 1765 555 1805 Quoties
575 1764 607 1794 in
633 1764 725 1795 vitam
754 1764 909 1795 revocavit
928 1764 1019 1796 illum
1043 1765 1268 1797 moribundum
1291 1764 1406 1796 blanda
1431 1776 1499 1808 spes
1515 1789 1522 1802 ,
1550 1774 1644 1806 quam
1669 1771 1776 1796 tamen
1797 1765 1923 1796 inanem
1940 1763 2010 1795 red-

475 1833 520 1864 dit
542 1833 660 1864 instans
685 1832 766 1864 vitae
790 1833 941 1864 terminus
959 1835 966 1863 Ξ

387 1901 460 1944 Pag.
478 1902 518 1932 49
531 1925 539 1938 ‚
555 1912 627 1931 ann.
643 1902 662 1931 6
676 1924 684 1938 ,
699 1912 743 1934 vs.
759 1901 778 1931 2
796 1911 841 1943 sq.
879 1900 963 1943 Lege
979 1911 986 1931 :
1010 1900 1165 1944 Ampliavi
1184 1900 1420 1933 munificentiae
1445 1901 1507 1932 vias
1522 1924 1530 1938 ‚
1554 1887 1627 1931 cum
1643 1898 1771 1930 iubente
1788 1899 1899 1930 natura
1913 1923 1922 1936 ,
1944 1905 2010 1930 tum

341 1973 456 2005 nobilia
479 1972 633 2016 quaedam
657 1973 773 2004 faciens
797 1972 910 2015 quibus
931 1983 966 2004 ex
983 1974 1095 2004 natura
1119 1974 1189 2006 mea
1215 1975 1315 2016 impar
1334 1983 1431 2004 eram.
1456 1989 1500 1997 -—
1524 1958 1593 2013 ‚js-:⁴
1617 1977 1662 2003 est
1681 1982 1736 2014 pro
1761 1956 1831 2012 ῥᾷἰη
1854 1983 1889 2004 ex
1913 1971 2009 2002 licen-

344 2043 383 2073 tia
408 2041 543 2085 poetica.

387 2132 430 2138 -—
446 2138 455 2152 ‚
481 2125 524 2145 vs.
549 2115 582 2145 9.
633 2113 716 2156 Lege
740 2102 907 2153 {Q5Q?.*

387 2182 460 2225 Pag.
484 2183 524 2213 50
540 2205 549 2220 ‚
575 2192 617 2212 vs.
640 2183 659 2212 3
684 2187 715 2213 et
735 2192 807 2212 ann.
830 2183 863 2213 9.
925 2181 1097 2213 Pronuntia
1131 2179 1221 2223 εδδὸἇῖ,
1257 2187 1287 2212 et
1319 2182 1351 2212 in
1389 2180 1527 2213 versione
1556 2180 1641 2224 lege:
1676 2190 1743 2222 per
1770 2179 1876 2211 Deum
1893 2180 1906 2209 ,Ι
1955 2179 2012 2210 Pro

344 2265 556 2295 elementiam
580 2269 611 2294 et
636 2263 781 2294 clemens
805 2263 874 2306 lege
892 2265 1108 2307 patientiam
1132 2268 1162 2294 et
1180 2263 1337 2306 patiens.
1385 2262 1421 2294 In
1447 2274 1489 2295 vs.
1516 2261 1554 2294 3⁰
1578 2272 1633 2305 pro
1658 2265 1697 2293 at
1720 2261 1789 2304 lege
1814 2265 1858 2292 et.

389 2350 431 2357 —-
447 2356 454 2369 ,
481 2343 551 2364 ann.
580 2333 620 2364 10
636 2355 644 2370 ,
671 2342 713 2363 vs,
736 2333 766 2364 4.
815 2330 875 2362 Pro
899 2332 1087 2364 calamitas
1112 2331 1180 2374 lege
1205 2331 1436 2363 imbecillitas.
