2127 2905
809 198 1092 233 „59”

123 297 260 331 carmina
281 299 352 326 sunt
375 290 637 331 innumerabilia3
664 303 727 325 non
750 303 822 325 vero
844 293 913 326 ideo
939 295 1007 338 quis
1029 300 1188 338 praestans
1212 301 1257 326 est
1276 295 1349 338 quia
1369 296 1506 340 sepultus
1524 303 1591 336 est;
1619 299 1784 331 molestum

122 362 167 389 est
201 352 430 398 praestantiae,
468 352 530 383 sive
562 351 690 394 antiqua
722 351 760 382 sit
785 352 847 383 sive
873 363 1000 390 recens,
1033 353 1257 384 contumeliose
1290 355 1427 387 tractari.
1483 355 1642 389 Dedecore
1671 357 1786 389 afficiat

122 415 204 446 Deus
235 412 303 444 illos
331 411 385 454 qui
413 409 537 442 dicunt:
574 409 802 441 «Antecessori
825 410 973 441 meritum
1003 411 1156 448 est183»
1182 410 1242 442 hoc
1268 413 1351 444 enim
1385 414 1409 444 si
1438 425 1546 446 verum
1571 421 1672 453 esset,
1710 423 1786 459 quot

121 472 252 517 pulchre
279 471 362 502 dicta
387 475 462 500 tunc
494 467 701 511 sepelirentur
730 473 761 499 et
793 473 869 510 quot
893 467 1012 499 nobiles
1046 468 1103 500 viri
1127 468 1251 500 obscuri
1278 474 1400 502 essent!
1451 472 1567 514 Quodsi
1601 475 1786 506 recentiores

119 531 210 562 unice
236 529 436 571 antiquorum
459 526 554 557 libros
574 524 773 563 tractabant,
798 525 962 569 multiplex
988 526 1116 558 scientia
1136 527 1251 570 periret
1273 534 1304 559 et
1325 529 1448 572 copiosa
1472 531 1644 574 elegantior
1669 531 1785 564 doctri-

117 600 155 620 na
179 588 332 620 interiret.

162 648 198 678 In
222 646 281 677 hoc
302 643 431 676 unvano
447 667 454 680 ‚
490 653 583 685 quem
614 642 741 673 vocavi:
770 641 971 674 Thesaurus
997 642 1038 674 de
1056 644 1224 686 pulchris
1250 647 1396 688 scriptis
1421 646 1523 677 lanius
1548 646 1762 680 Pem'nsulae
1778 674 1785 686 ‚

116 704 263 747 descripsi
294 702 390 739 talia,
421 711 456 732 ex
480 700 666 732 nostratium
701 700 843 732 miranda
879 701 1020 733 doctrina
1051 709 1082 734 et
1117 702 1326 745 singularibus
1351 704 1471 747 scriptis
1505 706 1567 737 sive
1598 706 1693 749 ligata
1725 709 1785 739 sire

117 760 217 792 soluta
241 758 380 790 oratione
397 759 560 796 desumm,
587 769 667 801 quae
688 758 828 791 dulciora
849 767 920 792 sunt
941 771 1036 804 quam
1059 760 1252 793 clandestina
1273 761 1367 793 verba
1387 762 1500 805 quibus
1525 770 1657 796 utuntur
1679 776 1786 797 aman-

117 826 161 851 tes
184 829 282 862 quum
306 824 415 850 cavent
447 817 679 861 speculatoreS‚
713 825 743 851 et
776 829 855 862 quae
889 820 1039 852 maiorem
1073 820 1266 863 voluptatem
1295 821 1429 852 afferunt
1458 833 1551 864 quam
1588 824 1728 855 convivia
1753 825 1784 855 in

114 878 226 921 quibus
250 876 362 920 pocula
383 876 648 908 circumferuntur
668 884 699 909 et
724 877 861 909 citharae
889 878 1029 921 impulsis
1055 879 1155 910 nervis
1181 885 1337 910 resonant.
1386 879 1467 911 Nam
1492 880 1531 911 ab
1551 893 1588 913 eo
1610 882 1683 914 inde
1702 889 1780 914 tem-

113 947 187 981 pore
212 947 273 979 quo
297 935 390 966 huius
413 934 600 967 Peninsulae
622 934 744 967 incolae
771 935 928 979 principes
952 936 985 967 in
1010 936 1190 980 eloquentia
1218 943 1249 968 et
1279 937 1335 968 viri
1369 939 1482 969 summi
1518 940 1549 970 in
1573 941 1658 983 poesi
1694 948 1724 973 et
1754 942 1785 972 in

113 994 249 1039 epistolis
273 993 495 1037 componendis
516 994 718 1032 exstiterunt,
745 995 788 1025 ita
808 1006 840 1027 se
865 994 1043 1027 effuderunt
1067 1001 1102 1026 ut
1120 996 1219 1026 maria
1240 1007 1256 1027 e
1276 997 1429 1028 memoria
1452 997 1628 1040 pellerent,
1655 1005 1685 1030 et
1709 999 1785 1030 adeo

118 1053 344 1097 splenduerunt
365 1058 400 1084 ut
428 1052 662 1084 aemularentur
685 1052 781 1084 solem
802 1059 833 1084 et
863 1052 983 1085 lunam.
1042 1053 1160 1085 Eorum
1187 1065 1287 1086 sermo
1321 1066 1406 1086 nunc
1431 1056 1551 1087 subtilis
1577 1063 1622 1088 est
1647 1063 1681 1087 ut
1712 1061 1784 1094 aer,

115 1123 200 1144 nunc
223 1111 339 1143 solidus
364 1117 399 1142 ut
423 1110 537 1142 durum
558 1122 686 1150 saxum3
714 1111 798 1154 quod
819 1121 899 1142 unus
920 1123 956 1143 ex
977 1122 1087 1143 eorum
1107 1123 1258 1150 numero,
1282 1112 1506 1155 ²Abdo—'l-galil
1529 1114 1782 1151 ·ibn-Wal1ban‚

115 1182 202 1202 suam
226 1171 334 1214 poe'sin
358 1169 554 1208 describens,
581 1171 624 1202 sic
649 1170 812 1213 exprimit:

209 1229 265 1260 Est
289 1228 343 1259 illa
364 1227 468 1259 mollis
492 1234 526 1259 ut
551 1235 660 1261 cantus
685 1228 850 1260 columbae
875 1229 906 1259 in
929 1228 1042 1270 sylvis3
1070 1235 1116 1261 est
1145 1229 1198 1260 illa
1226 1229 1352 1261 robusta
1376 1237 1410 1261 ut
1434 1230 1538 1273 aquila
1569 1242 1648 1274 quae
1681 1236 1784 1264 aesem

247 1286 348 1318 findit.

160 1347 225 1378 Hoc
246 1347 289 1378 ita
306 1352 351 1378 est
377 1356 569 1388 quamquam
594 1345 678 1377 hisce
706 1346 738 1376 in
763 1344 941 1388 regionibus
966 1344 1109 1378 habitent
1129 1352 1160 1377 et
1184 1346 1279 1377 vicini
1299 1347 1360 1378 sint
1387 1347 1560 1385 Romanis;
1589 1358 1782 1390 quamquam

112 1416 220 1436 eorum
245 1411 327 1436 terra
348 1403 458 1435 ultima
476 1404 514 1435 sit
539 1414 574 1435 ex
598 1403 635 1434 iis
656 1414 732 1446 quas
757 1403 896 1434 Moslimz·
915 1403 972 1434 sibi
994 1404 1195 1436 subiecerunt
1220 1411 1250 1436 et
1274 1405 1426 1436 terminus
1452 1404 1620 1448 splendidis
1642 1405 1783 1438 Arabum

113 1463 203 1494 sactis
228 1462 436 1501 constitutus;
469 1461 609 1505 undique
638 1460 823 1493 circumdati
856 1467 928 1492 sunt
961 1460 1110 1500 Oceano,
1145 1462 1293 1494 Romanis
1310 1487 1317 1500 ,
1351 1463 1470 1495 Gothis,
1531 1463 1602 1496 Non
1628 1471 1673 1496 est
1701 1471 1782 1497 terra

114 1521 217 1564 glarea
237 1521 399 1553 abundans
415 1546 422 1560 ‚
449 1520 502 1553 sed
526 1520 596 1552 talis
621 1530 701 1563 quae
728 1525 849 1551 montes
873 1519 968 1551 habet
992 1511 1105 1552 'I'abiro
1127 1520 1240 1553 similes
1266 1522 1316 1560 193
1343 1533 1406 1553 non
1434 1533 1567 1566 paucam
1592 1534 1705 1566 aquarn
1726 1524 1782 1555 ha-

110 1580 164 1611 bet
179 1604 187 1617 ,
213 1579 266 1611 sed
286 1591 371 1612 mare
394 1578 567 1623 turgidum.
625 1577 765 1610 Aba-‘Ah
788 1577 1010 1621 Bagdadensis
1026 1603 1034 1617 ,
1068 1581 1123 1623 qui
1147 1580 1180 1612 in
1208 1580 1392 1625 Hispaniam
1418 1582 1503 1613 venit
1537 1588 1677 1625 tempore
1699 1582 1781 1616 Mer-

110 1637 340 1676 wanidarum‚
376 1638 454 1671 haec
489 1638 643 1670 narravit:
683 1637 817 1678 «Quum
844 1637 1125 1679 ’al-Qairawz'rnum
1148 1641 1322 1678 venissem,
1355 1640 1431 1672 dum
1463 1641 1496 1672 in
1527 1641 1639 1673 itinere
1663 1642 1782 1673 incolas

110 1696 346 1741 «oppidorum,
379 1698 433 1741 qui
457 1697 535 1729 mihi
559 1696 682 1728 obviam
707 1701 796 1727 erant
827 1695 918 1734 facti,
944 1696 1211 1730 consideraveram
1226 1723 1234 1736 ,
1268 1699 1513 1742 inveneramque
1548 1699 1616 1731 illos
1641 1700 1780 1744 stupidos

109 1767 128 1786 ‹<
140 1762 170 1787 et
196 1755 346 1794 hebetes,
371 1767 434 1788 non
458 1762 563 1788 tamen
587 1754 697 1786 eodem
726 1753 843 1797 gradu,
877 1754 930 1786 sed
961 1755 1004 1787 ita
1033 1762 1068 1787 ut
1104 1759 1257 1799 quatenus
1286 1767 1395 1788 eorum
1419 1757 1628 1789 habitationes
1659 1757 1781 1791 Orienti

112 1820 241 1846 «essent
264 1814 422 1857 propiores
447 1820 501 1845 aut
532 1813 570 1844 ab
605 1812 733 1845 Oriente
757 1813 978 1851 remotiores,
1015 1820 1143 1845 eatenus
1186 1814 1280 1846 etiam
1308 1815 1378 1858 plus
1414 1816 1556 1847 minusve
1585 1815 1700 1859 stupidi
1735 1828 1781 1848 es-

111 1879 228 1910 «sent,
255 1872 331 1904 adeo
355 1878 410 1910 ut,
435 1882 527 1903 suum
559 1872 674 1915 cuique
697 1872 837 1904 tribuens
861 1877 892 1903 et
917 1873 1149 1915 comparatione
1178 1872 1319 1905 instituta
1335 1897 1343 1912 ,
1379 1874 1444 1906 fere
1471 1873 1634 1912 dixissem,
1668 1885 1777 1907 eorum

186 2024 257 2063 quod
287 2024 398 2053 liberius
428 2024 466 2052 sic
485 2024 552 2053 verti
577 2027 682 2062 potest:
721 2025 846 2055 Ullumne
872 2031 1061 2064 argumentum
1074 2029 1172 2065 poe'tae
1200 2028 1364 2056 cantandum
1394 2027 1594 2067 reliquerunt?
1644 2029 1722 2066 Quod
1743 2030 1775 2059 ad

188 2082 273 2141 ΓΞρζη
293 2092 405 2127 attinet,
426 2092 457 2121 cs.
480 2091 589 2121 scholia.

111 2145 157 2183 18)
189 2145 237 2174 Est
257 2146 431 2184 proverbium
453 2145 524 2184 quod
544 2145 643 2185 legitur
673 2147 743 2186 apud
767 2147 935 2177 ·al-Maidani
955 2147 996 2177 11.
1029 2158 1057 2187 p.
1079 2148 1136 2177 239
1159 2148 1201 2178 ed.
1224 2149 1348 2189 Freytag.
1401 2150 1508 2179 Dicitur
1530 2160 1652 2190 quoque.
1674 2151 1774 2192 34:255}

188 2212 421 2263 ιιύιλέίῆὦςσ
423 2214 497 2245 ›xv->l
520 2215 578 2260 Ol,
605 2215 795 2276 ‘5Q‚
821 2217 998 2255 praestantia
1029 2221 1069 2244 est
1091 2217 1241 2255 incipzenti
1272 2218 1326 2245 etsi
1353 2218 1470 2256 pnlclne
1494 2228 1549 2246 rem
1571 2220 1630 2257 agit
1652 2220 1772 2250 z'mztans.

187 2295 221 2325 In
243 2295 362 2325 carmine
381 2296 410 2325 in
429 2296 512 2325 Nove.
529 2297 620 2327 Arab.
643 2295 691 2326 lv.
711 2307 737 2336 p.
759 2302 816 2333 Η,
836 2308 872 2327 vs.
895 2298 931 2326 13
954 2298 996 2328 ed.
1018 2297 1196 2337 Maenaghten
1218 2298 1316 2338 legitur
1333 2299 1444 2343 &aig-U
1468 2299 1581 2342 &adh

110 2349 155 2388 19)
185 2350 275 2388 Quum
298 2353 384 2380 textus
402 2350 447 2380 hro
467 2355 611 2390 corruptus
636 2351 688 2388 sit,
711 2362 880 2392 nequaquam
902 2353 1006 2382 affirmo
1027 2363 1070 2382 me
1086 2356 1157 2382 recle
1176 2354 1294 2382 vertisse.

1511 2408 1550 2437 90
