<?xml version="1.0" encoding="UTF-8"?>
<!DOCTYPE html PUBLIC "-//W3C//DTD XHTML 1.0 Transitional//EN"
    "http://www.w3.org/TR/xhtml1/DTD/xhtml1-transitional.dtd">
<html xmlns="http://www.w3.org/1999/xhtml" xml:lang="en" lang="en">
 <head>
  <title>
</title>
<meta http-equiv="Content-Type" content="text/html;charset=utf-8" />
  <meta name='ocr-system' content='tesseract 3.04.00' />
  <meta name='ocr-capabilities' content='ocr_page ocr_carea ocr_par ocr_line ocrx_word'/>
</head>
<body>
  <div class='ocr_page' id='page_1' title='image "./historiaabbadida03dozyuoft_0036.png"; bbox 0 0 2127 2905; ppageno 0'>
   <div class='ocr_carea' id='block_1_1' title="bbox 965 197 1253 232">
    <p class='ocr_par' dir='ltr' id='par_1_1' title="bbox 965 197 1253 232">
     <span class='ocr_line' id='line_1_1' title="bbox 965 197 1253 232; baseline 0.003 -10"><span class='ocrx_word' id='word_1_1' title='bbox 965 197 1253 232; x_wconf 81' lang='lat'>...20—</span> 
     </span>
    </p>
   </div>
   <div class='ocr_carea' id='block_1_2' title="bbox 271 290 1941 2229">
    <p class='ocr_par' dir='ltr' id='par_1_2' title="bbox 319 290 1696 344">
     <span class='ocr_line' id='line_1_2' title="bbox 319 290 1696 344; baseline -0.006 -12"><span class='ocrx_word' id='word_1_2' title='bbox 319 301 391 344; x_wconf 78' lang='lat' dir='ltr'><strong>Pag.</strong></span> <span class='ocrx_word' id='word_1_3' title='bbox 419 301 502 335; x_wconf 84' lang='lat'><strong>108,</strong></span> <span class='ocrx_word' id='word_1_4' title='bbox 527 309 569 330; x_wconf 89' lang='lat' dir='ltr'><strong>vs.</strong></span> <span class='ocrx_word' id='word_1_5' title='bbox 596 300 614 328; x_wconf 88' lang='lat'>5</span> <span class='ocrx_word' id='word_1_6' title='bbox 640 302 670 328; x_wconf 89' lang='lat' dir='ltr'><strong>et</strong></span> <span class='ocrx_word' id='word_1_7' title='bbox 696 296 778 330; x_wconf 88' lang='lat'><strong>109,</strong></span> <span class='ocrx_word' id='word_1_8' title='bbox 805 303 847 323; x_wconf 75' lang='lat' dir='ltr'><strong>vs-</strong></span> <span class='ocrx_word' id='word_1_9' title='bbox 875 294 903 323; x_wconf 93' lang='lat'><strong>1.</strong></span> <span class='ocrx_word' id='word_1_10' title='bbox 951 291 1057 335; x_wconf 82' lang='lat' dir='ltr'><strong>Lege:</strong></span> <span class='ocrx_word' id='word_1_11' title='bbox 1086 298 1117 324; x_wconf 89' lang='lat' dir='ltr'><strong>et</strong></span> <span class='ocrx_word' id='word_1_12' title='bbox 1140 291 1232 324; x_wconf 88' lang='lat' dir='ltr'><strong>huius</strong></span> <span class='ocrx_word' id='word_1_13' title='bbox 1258 290 1362 335; x_wconf 80' lang='lat' dir='ltr'><strong>(regis)</strong></span> <span class='ocrx_word' id='word_1_14' title='bbox 1387 291 1461 322; x_wconf 58' lang='lat' dir='ltr'><strong>notit</strong></span> <span class='ocrx_word' id='word_1_15' title='bbox 1481 292 1599 334; x_wconf 80' lang='lat' dir='ltr'><strong>signata</strong></span> <span class='ocrx_word' id='word_1_16' title='bbox 1621 298 1696 324; x_wconf 86' lang='lat' dir='ltr'><strong>erat.</strong></span> 
     </span>
    </p>

    <p class='ocr_par' dir='ltr' id='par_1_3' title="bbox 273 348 1935 458">
     <span class='ocr_line' id='line_1_3' title="bbox 317 348 1935 401; baseline -0.006 -11"><span class='ocrx_word' id='word_1_17' title='bbox 317 359 390 401; x_wconf 77' lang='lat' dir='ltr'><strong>Pag.</strong></span> <span class='ocrx_word' id='word_1_18' title='bbox 416 359 497 394; x_wconf 87' lang='lat'><strong>109,</strong></span> <span class='ocrx_word' id='word_1_19' title='bbox 530 366 603 387; x_wconf 84' lang='lat' dir='ltr'><strong>ann.</strong></span> <span class='ocrx_word' id='word_1_20' title='bbox 632 354 704 385; x_wconf 87' lang='lat'><strong>194.</strong></span> <span class='ocrx_word' id='word_1_21' title='bbox 764 351 847 394; x_wconf 82' lang='lat' dir='ltr'>Lege</span> <span class='ocrx_word' id='word_1_22' title='bbox 883 350 993 397; x_wconf 45' lang='lat' dir='ltr'><strong>Lffoffl,</strong></span> <span class='ocrx_word' id='word_1_23' title='bbox 1025 357 1056 382; x_wconf 86' lang='lat' dir='ltr'><strong>et</strong></span> <span class='ocrx_word' id='word_1_24' title='bbox 1087 350 1155 382; x_wconf 88' lang='lat' dir='ltr'><strong>dele</strong></span> <span class='ocrx_word' id='word_1_25' title='bbox 1188 349 1301 382; x_wconf 87' lang='lat' dir='ltr'><strong>verba:</strong></span> <span class='ocrx_word' id='word_1_26' title='bbox 1340 348 1434 382; x_wconf 77' lang='lat' dir='ltr'><strong>Infin.</strong></span> <span class='ocrx_word' id='word_1_27' title='bbox 1461 349 1524 398; x_wconf 48' lang='lat'><strong>:³5³5</strong></span> <span class='ocrx_word' id='word_1_28' title='bbox 1558 356 1634 383; x_wconf 84' lang='lat' dir='ltr'><strong>caet.</strong></span> <span class='ocrx_word' id='word_1_29' title='bbox 1644 374 1653 389; x_wconf 94' lang='lat'>,</span> <span class='ocrx_word' id='word_1_30' title='bbox 1689 361 1762 382; x_wconf 86' lang='lat' dir='ltr'><strong>nam</strong></span> <span class='ocrx_word' id='word_1_31' title='bbox 1786 350 1873 382; x_wconf 86' lang='lat' dir='ltr'><strong>locus</strong></span> <span class='ocrx_word' id='word_1_32' title='bbox 1896 349 1935 382; x_wconf 86' lang='lat' dir='ltr'><strong>de</strong></span> 
     </span>
     <span class='ocr_line' id='line_1_4' title="bbox 273 412 1159 458; baseline -0.007 -8"><span class='ocrx_word' id='word_1_33' title='bbox 273 419 500 450; x_wconf 62' lang='lat' dir='ltr'><strong>ibn-Ammm</strong></span> <span class='ocrx_word' id='word_1_34' title='bbox 525 426 618 458; x_wconf 91' lang='lat' dir='ltr'><strong>quem</strong></span> <span class='ocrx_word' id='word_1_35' title='bbox 642 413 758 450; x_wconf 80' lang='lat' dir='ltr'><strong>citavi,</strong></span> <span class='ocrx_word' id='word_1_36' title='bbox 784 412 880 443; x_wconf 86' lang='lat' dir='ltr'><strong>alium</strong></span> <span class='ocrx_word' id='word_1_37' title='bbox 905 422 1029 444; x_wconf 89' lang='lat' dir='ltr'><strong>sensum</strong></span> <span class='ocrx_word' id='word_1_38' title='bbox 1053 412 1159 444; x_wconf 84' lang='lat' dir='ltr'><strong>habet.</strong></span> 
     </span>
    </p>

    <p class='ocr_par' dir='ltr' id='par_1_4' title="bbox 271 467 1939 860">
     <span class='ocr_line' id='line_1_5' title="bbox 318 467 1936 515; baseline -0.004 -8"><span class='ocrx_word' id='word_1_39' title='bbox 318 497 360 500; x_wconf 96' lang='lat'><strong>—</strong></span> <span class='ocrx_word' id='word_1_40' title='bbox 376 502 384 515; x_wconf 84' lang='lat'><em>‚</em></span> <span class='ocrx_word' id='word_1_41' title='bbox 410 488 453 507; x_wconf 81' lang='lat' dir='ltr'><strong>vs.</strong></span> <span class='ocrx_word' id='word_1_42' title='bbox 479 475 598 505; x_wconf 88' lang='lat'><strong>4—10.</strong></span> <span class='ocrx_word' id='word_1_43' title='bbox 646 471 733 503; x_wconf 91' lang='lat' dir='ltr'><strong>Haec</strong></span> <span class='ocrx_word' id='word_1_44' title='bbox 755 471 798 502; x_wconf 91' lang='lat' dir='ltr'><strong>sic</strong></span> <span class='ocrx_word' id='word_1_45' title='bbox 822 471 989 513; x_wconf 80' lang='lat' dir='ltr'><strong>legantur:</strong></span> <span class='ocrx_word' id='word_1_46' title='bbox 1019 471 1058 502; x_wconf 86' lang='lat' dir='ltr'><strong>Et</strong></span> <span class='ocrx_word' id='word_1_47' title='bbox 1083 482 1146 502; x_wconf 90' lang='lat' dir='ltr'><strong>non</strong></span> <span class='ocrx_word' id='word_1_48' title='bbox 1177 469 1305 502; x_wconf 82' lang='lat' dir='ltr'><strong>cessavit</strong></span> <span class='ocrx_word' id='word_1_49' title='bbox 1328 469 1360 500; x_wconf 87' lang='lat' dir='ltr'><strong>in</strong></span> <span class='ocrx_word' id='word_1_50' title='bbox 1384 470 1420 500; x_wconf 64' lang='lat' dir='ltr'><strong>eri</strong></span> <span class='ocrx_word' id='word_1_51' title='bbox 1443 467 1573 500; x_wconf 87' lang='lat' dir='ltr'><strong>iubendi</strong></span> <span class='ocrx_word' id='word_1_52' title='bbox 1595 474 1626 500; x_wconf 89' lang='lat' dir='ltr'><strong>et</strong></span> <span class='ocrx_word' id='word_1_53' title='bbox 1654 468 1777 500; x_wconf 85' lang='lat' dir='ltr'><strong>vetandi</strong></span> <span class='ocrx_word' id='word_1_54' title='bbox 1801 476 1936 512; x_wconf 85' lang='lat' dir='ltr'><strong>potesta-</strong></span> 
     </span>
     <span class='ocr_line' id='line_1_6' title="bbox 275 526 1937 572; baseline -0.005 -6"><span class='ocrx_word' id='word_1_55' title='bbox 275 543 335 567; x_wconf 78' lang='lat' dir='ltr'><strong>tem</strong></span> <span class='ocrx_word' id='word_1_56' title='bbox 367 543 526 568; x_wconf 80' lang='lat' dir='ltr'><strong>exercere,</strong></span> <span class='ocrx_word' id='word_1_57' title='bbox 564 531 603 563; x_wconf 90' lang='lat' dir='ltr'><strong>de</strong></span> <span class='ocrx_word' id='word_1_58' title='bbox 639 530 753 562; x_wconf 87' lang='lat' dir='ltr'><strong>civium</strong></span> <span class='ocrx_word' id='word_1_59' title='bbox 777 528 909 572; x_wconf 59' lang='lat' dir='ltr'><strong>perfidia</strong></span> <span class='ocrx_word' id='word_1_60' title='bbox 933 529 1062 560; x_wconf 91' lang='lat' dir='ltr'><strong>minime</strong></span> <span class='ocrx_word' id='word_1_61' title='bbox 1086 528 1236 560; x_wconf 83' lang='lat' dir='ltr'><strong>sollicitus</strong></span> <span class='ocrx_word' id='word_1_62' title='bbox 1251 552 1258 566; x_wconf 90' lang='lat'><strong>,</strong></span> <span class='ocrx_word' id='word_1_63' title='bbox 1296 528 1369 571; x_wconf 88' lang='lat' dir='ltr'><strong>quia</strong></span> <span class='ocrx_word' id='word_1_64' title='bbox 1398 527 1436 558; x_wconf 90' lang='lat' dir='ltr'><strong>de</strong></span> <span class='ocrx_word' id='word_1_65' title='bbox 1460 528 1496 558; x_wconf 89' lang='lat' dir='ltr'><strong>iis</strong></span> <span class='ocrx_word' id='word_1_66' title='bbox 1520 526 1600 559; x_wconf 88' lang='lat' dir='ltr'><strong>bene</strong></span> <span class='ocrx_word' id='word_1_67' title='bbox 1624 526 1803 569; x_wconf 79' lang='lat' dir='ltr'><strong>cogitabat,</strong></span> <span class='ocrx_word' id='word_1_68' title='bbox 1828 534 1859 559; x_wconf 89' lang='lat' dir='ltr'><strong>et</strong></span> <span class='ocrx_word' id='word_1_69' title='bbox 1879 527 1937 558; x_wconf 88' lang='lat' dir='ltr'><strong>bo-</strong></span> 
     </span>
     <span class='ocr_line' id='line_1_7' title="bbox 275 584 1937 630; baseline -0.005 -7"><span class='ocrx_word' id='word_1_70' title='bbox 275 604 342 624; x_wconf 83' lang='lat' dir='ltr'><strong>nam</strong></span> <span class='ocrx_word' id='word_1_71' title='bbox 357 616 364 628; x_wconf 95' lang='lat'>‚</span> <span class='ocrx_word' id='word_1_72' title='bbox 391 590 442 622; x_wconf 88' lang='lat' dir='ltr'><strong>sed</strong></span> <span class='ocrx_word' id='word_1_73' title='bbox 467 601 600 624; x_wconf 81' lang='lat' dir='ltr'><strong>vanam,</strong></span> <span class='ocrx_word' id='word_1_74' title='bbox 627 588 665 620; x_wconf 90' lang='lat' dir='ltr'><strong>de</strong></span> <span class='ocrx_word' id='word_1_75' title='bbox 686 589 722 619; x_wconf 90' lang='lat' dir='ltr'><strong>iis</strong></span> <span class='ocrx_word' id='word_1_76' title='bbox 738 587 863 619; x_wconf 84' lang='lat' dir='ltr'><strong>fovebat</strong></span> <span class='ocrx_word' id='word_1_77' title='bbox 893 587 1072 630; x_wconf 86' lang='lat' dir='ltr'>opinionem</span> <span class='ocrx_word' id='word_1_78' title='bbox 1088 610 1096 624; x_wconf 90' lang='lat'><strong>,</strong></span> <span class='ocrx_word' id='word_1_79' title='bbox 1122 597 1217 629; x_wconf 86' lang='lat' dir='ltr'><strong>quam</strong></span> <span class='ocrx_word' id='word_1_80' title='bbox 1241 597 1304 617; x_wconf 90' lang='lat' dir='ltr'><strong>non</strong></span> <span class='ocrx_word' id='word_1_81' title='bbox 1327 584 1534 629; x_wconf 84' lang='lat' dir='ltr'><strong>perpenderat</strong></span> <span class='ocrx_word' id='word_1_82' title='bbox 1565 595 1667 627; x_wconf 87' lang='lat' dir='ltr'><strong>neque</strong></span> <span class='ocrx_word' id='word_1_83' title='bbox 1696 591 1840 616; x_wconf 78' lang='lat' dir='ltr'><strong>accurate</strong></span> <span class='ocrx_word' id='word_1_84' title='bbox 1869 596 1937 616; x_wconf 81' lang='lat' dir='ltr'><strong>exa-</strong></span> 
     </span>
     <span class='ocr_line' id='line_1_8' title="bbox 271 643 1937 690; baseline -0.005 -9"><span class='ocrx_word' id='word_1_85' title='bbox 271 652 463 686; x_wconf 67' lang='lat' dir='ltr'><strong>animaverat,</strong></span> <span class='ocrx_word' id='word_1_86' title='bbox 491 648 580 690; x_wconf 88' lang='lat' dir='ltr'><strong>(quot</strong></span> <span class='ocrx_word' id='word_1_87' title='bbox 604 653 708 678; x_wconf 86' lang='lat' dir='ltr'><strong>autem</strong></span> <span class='ocrx_word' id='word_1_88' title='bbox 732 658 817 689; x_wconf 81' lang='lat' dir='ltr'><strong>reges</strong></span> <span class='ocrx_word' id='word_1_89' title='bbox 841 645 931 677; x_wconf 82' lang='lat' dir='ltr'><strong>ferali</strong></span> <span class='ocrx_word' id='word_1_90' title='bbox 956 644 1092 676; x_wconf 86' lang='lat' dir='ltr'><strong>amiculo</strong></span> <span class='ocrx_word' id='word_1_91' title='bbox 1116 644 1314 676; x_wconf 86' lang='lat' dir='ltr'><strong>involverunt</strong></span> <span class='ocrx_word' id='word_1_92' title='bbox 1338 644 1407 681; x_wconf 89' lang='lat' dir='ltr'><strong>isti,</strong></span> <span class='ocrx_word' id='word_1_93' title='bbox 1434 644 1584 686; x_wconf 81' lang='lat' dir='ltr'><strong>sanguine</strong></span> <span class='ocrx_word' id='word_1_94' title='bbox 1608 643 1804 686; x_wconf 82' lang='lat' dir='ltr'><strong>inquinatos!</strong></span> <span class='ocrx_word' id='word_1_95' title='bbox 1855 644 1937 684; x_wconf 77' lang='lat' dir='ltr'><strong>Quot</strong></span> 
     </span>
     <span class='ocr_line' id='line_1_9' title="bbox 272 701 1938 750; baseline -0.005 -11"><span class='ocrx_word' id='word_1_96' title='bbox 272 719 356 750; x_wconf 83' lang='lat' dir='ltr'><strong>reges</strong></span> <span class='ocrx_word' id='word_1_97' title='bbox 384 706 614 749; x_wconf 82' lang='lat' dir='ltr'><strong>sepeliverunt,</strong></span> <span class='ocrx_word' id='word_1_98' title='bbox 652 706 706 747; x_wconf 91' lang='lat' dir='ltr'><strong>qui</strong></span> <span class='ocrx_word' id='word_1_99' title='bbox 730 705 777 735; x_wconf 77' lang='lat' dir='ltr'><strong>vix</strong></span> <span class='ocrx_word' id='word_1_100' title='bbox 804 703 952 746; x_wconf 57' lang='lat' dir='ltr'><strong>(violenta</strong></span> <span class='ocrx_word' id='word_1_101' title='bbox 984 702 1096 744; x_wconf 88' lang='lat' dir='ltr'><strong>morte)</strong></span> <span class='ocrx_word' id='word_1_102' title='bbox 1122 702 1269 733; x_wconf 86' lang='lat' dir='ltr'><strong>ultimum</strong></span> <span class='ocrx_word' id='word_1_103' title='bbox 1299 702 1442 744; x_wconf 88' lang='lat' dir='ltr'><strong>spiritum</strong></span> <span class='ocrx_word' id='word_1_104' title='bbox 1471 701 1655 732; x_wconf 82' lang='lat' dir='ltr'><strong>emiserant!</strong></span> <span class='ocrx_word' id='word_1_105' title='bbox 1706 702 1788 742; x_wconf 82' lang='lat' dir='ltr'><strong>Quot</strong></span> <span class='ocrx_word' id='word_1_106' title='bbox 1812 701 1938 732; x_wconf 82' lang='lat' dir='ltr'>thronos</span> 
     </span>
     <span class='ocr_line' id='line_1_10' title="bbox 272 758 1939 807; baseline -0.004 -10"><span class='ocrx_word' id='word_1_107' title='bbox 272 771 471 802; x_wconf 84' lang='lat' dir='ltr'><strong>everterunt,</strong></span> <span class='ocrx_word' id='word_1_108' title='bbox 509 771 584 807; x_wconf 89' lang='lat' dir='ltr'><strong>quot</strong></span> <span class='ocrx_word' id='word_1_109' title='bbox 610 763 728 795; x_wconf 86' lang='lat' dir='ltr'><strong>nobiles</strong></span> <span class='ocrx_word' id='word_1_110' title='bbox 761 762 927 806; x_wconf 88' lang='lat' dir='ltr'><strong>opprobrio</strong></span> <span class='ocrx_word' id='word_1_111' title='bbox 964 761 1135 793; x_wconf 83' lang='lat' dir='ltr'><strong>affecerunt</strong></span> <span class='ocrx_word' id='word_1_112' title='bbox 1146 759 1167 802; x_wconf 73' lang='lat' dir='ltr'><strong>l)</strong></span> <span class='ocrx_word' id='word_1_113' title='bbox 1193 759 1293 791; x_wconf 86' lang='lat' dir='ltr'><strong>donec</strong></span> <span class='ocrx_word' id='word_1_114' title='bbox 1325 765 1415 791; x_wconf 82' lang='lat' dir='ltr'><strong>noete</strong></span> <span class='ocrx_word' id='word_1_115' title='bbox 1440 758 1575 802; x_wconf 62' lang='lat' dir='ltr'><strong>quedam</strong></span> <span class='ocrx_word' id='word_1_116' title='bbox 1599 758 1781 795; x_wconf 53' lang='lat' dir='ltr'><strong>&#39;Ibnsocssa</strong></span> <span class='ocrx_word' id='word_1_117' title='bbox 1806 760 1838 791; x_wconf 92' lang='lat' dir='ltr'><strong>in</strong></span> <span class='ocrx_word' id='word_1_118' title='bbox 1863 759 1939 790; x_wconf 89' lang='lat' dir='ltr'><strong>urbe</strong></span> 
     </span>
     <span class='ocr_line' id='line_1_11' title="bbox 272 819 1108 860; baseline -0.005 -6"><span class='ocrx_word' id='word_1_119' title='bbox 272 824 453 855; x_wconf 62' lang='lat' dir='ltr'><strong>¹seditionem</strong></span> <span class='ocrx_word' id='word_1_120' title='bbox 475 829 632 860; x_wconf 84' lang='lat' dir='ltr'><strong>moveret,</strong></span> <span class='ocrx_word' id='word_1_121' title='bbox 658 828 689 854; x_wconf 87' lang='lat' dir='ltr'><strong>et</strong></span> <span class='ocrx_word' id='word_1_122' title='bbox 713 821 750 852; x_wconf 84' lang='lat' dir='ltr'><strong>ad</strong></span> <span class='ocrx_word' id='word_1_123' title='bbox 775 832 845 853; x_wconf 83' lang='lat' dir='ltr'><strong>eam</strong></span> <span class='ocrx_word' id='word_1_124' title='bbox 870 819 1006 852; x_wconf 83' lang='lat' dir='ltr'><strong>traheret</strong></span> <span class='ocrx_word' id='word_1_125' title='bbox 1030 825 1108 851; x_wconf 82' lang='lat' dir='ltr'><strong>caet.</strong></span> 
     </span>
    </p>

    <p class='ocr_par' dir='ltr' id='par_1_5' title="bbox 316 877 1209 920">
     <span class='ocr_line' id='line_1_12' title="bbox 316 877 1209 920; baseline -0.007 -7"><span class='ocrx_word' id='word_1_126' title='bbox 316 902 380 918; x_wconf 79' lang='lat'><strong>—‚</strong></span> <span class='ocrx_word' id='word_1_127' title='bbox 407 893 479 913; x_wconf 85' lang='lat' dir='ltr'><strong>ann.</strong></span> <span class='ocrx_word' id='word_1_128' title='bbox 506 883 567 912; x_wconf 88' lang='grc'><strong>196</strong></span> <span class='ocrx_word' id='word_1_129' title='bbox 593 880 755 917; x_wconf 81' lang='lat' dir='ltr'><strong>deleatur,</strong></span> <span class='ocrx_word' id='word_1_130' title='bbox 781 885 815 910; x_wconf 88' lang='lat' dir='ltr'><strong>ut</strong></span> <span class='ocrx_word' id='word_1_131' title='bbox 839 878 901 909; x_wconf 86' lang='lat' dir='ltr'>dixi</span> <span class='ocrx_word' id='word_1_132' title='bbox 923 877 992 908; x_wconf 86' lang='lat' dir='ltr'><strong>Vol.</strong></span> <span class='ocrx_word' id='word_1_133' title='bbox 1012 877 1052 909; x_wconf 91' lang='grc' dir='ltr'><strong>ΙΙ.</strong></span> <span class='ocrx_word' id='word_1_134' title='bbox 1078 889 1110 920; x_wconf 91' lang='lat' dir='ltr'><strong>p.</strong></span> <span class='ocrx_word' id='word_1_135' title='bbox 1134 878 1209 908; x_wconf 75' lang='lat'><strong>256.</strong></span> 
     </span>
    </p>

    <p class='ocr_par' dir='ltr' id='par_1_6' title="bbox 273 933 1937 1042">
     <span class='ocr_line' id='line_1_13' title="bbox 316 933 1937 983; baseline -0.005 -11"><span class='ocrx_word' id='word_1_136' title='bbox 316 942 388 983; x_wconf 70' lang='lat' dir='ltr'><strong>Peg.</strong></span> <span class='ocrx_word' id='word_1_137' title='bbox 414 942 497 976; x_wconf 94' lang='lat'><strong>110,</strong></span> <span class='ocrx_word' id='word_1_138' title='bbox 523 951 565 970; x_wconf 70' lang='lat' dir='ltr'><strong>VS.</strong></span> <span class='ocrx_word' id='word_1_139' title='bbox 586 942 603 970; x_wconf 88' lang='lat'><strong>4</strong></span> <span class='ocrx_word' id='word_1_140' title='bbox 625 945 655 970; x_wconf 90' lang='lat' dir='ltr'><strong>et</strong></span> <span class='ocrx_word' id='word_1_141' title='bbox 673 942 702 970; x_wconf 87' lang='lat'><strong>5.</strong></span> <span class='ocrx_word' id='word_1_142' title='bbox 751 939 858 981; x_wconf 80' lang='lat' dir='ltr'><strong>Lege:</strong></span> <span class='ocrx_word' id='word_1_143' title='bbox 896 936 971 967; x_wconf 86' lang='lat' dir='ltr'><strong>dum</strong></span> <span class='ocrx_word' id='word_1_144' title='bbox 991 936 1085 979; x_wconf 88' lang='lat' dir='ltr'><strong>ipsius</strong></span> <span class='ocrx_word' id='word_1_145' title='bbox 1109 934 1228 978; x_wconf 82' lang='lat' dir='ltr'><strong>pedites</strong></span> <span class='ocrx_word' id='word_1_146' title='bbox 1259 940 1290 965; x_wconf 86' lang='lat' dir='ltr'><strong>et</strong></span> <span class='ocrx_word' id='word_1_147' title='bbox 1315 934 1456 976; x_wconf 79' lang='lat' dir='ltr'><strong>equites,</strong></span> <span class='ocrx_word' id='word_1_148' title='bbox 1483 934 1537 976; x_wconf 89' lang='lat' dir='ltr'><strong>qui</strong></span> <span class='ocrx_word' id='word_1_149' title='bbox 1570 933 1683 965; x_wconf 90' lang='lat' dir='ltr'><strong>sensim</strong></span> <span class='ocrx_word' id='word_1_150' title='bbox 1705 933 1881 976; x_wconf 83' lang='lat' dir='ltr'><strong>sensimque</strong></span> <span class='ocrx_word' id='word_1_151' title='bbox 1907 946 1937 965; x_wconf 89' lang='lat' dir='ltr'><strong>se</strong></span> 
     </span>
     <span class='ocr_line' id='line_1_14' title="bbox 273 993 1068 1042; baseline -0.008 -12"><span class='ocrx_word' id='word_1_152' title='bbox 273 1011 342 1030; x_wconf 71' lang='lat' dir='ltr'><strong>cum</strong></span> <span class='ocrx_word' id='word_1_153' title='bbox 368 1000 433 1042; x_wconf 88' lang='lat' dir='ltr'><strong>ipso</strong></span> <span class='ocrx_word' id='word_1_154' title='bbox 454 998 699 1034; x_wconf 75' lang='lat' dir='ltr'><strong>coniunxerant,</strong></span> <span class='ocrx_word' id='word_1_155' title='bbox 725 997 826 1039; x_wconf 87' lang='lat' dir='ltr'><strong>ipsum</strong></span> <span class='ocrx_word' id='word_1_156' title='bbox 848 993 1068 1026; x_wconf 83' lang='lat' dir='ltr'><strong>defendebant.</strong></span> 
     </span>
    </p>

    <p class='ocr_par' dir='ltr' id='par_1_7' title="bbox 272 1050 1939 1157">
     <span class='ocr_line' id='line_1_15' title="bbox 316 1050 1939 1098; baseline -0.005 -10"><span class='ocrx_word' id='word_1_157' title='bbox 316 1075 359 1080; x_wconf 78' lang='lat'><strong>——</strong></span> <span class='ocrx_word' id='word_1_158' title='bbox 376 1081 383 1094; x_wconf 79' lang='grc'>,</span> <span class='ocrx_word' id='word_1_159' title='bbox 409 1068 450 1088; x_wconf 74' lang='lat' dir='ltr'><strong>VS.</strong></span> <span class='ocrx_word' id='word_1_160' title='bbox 477 1057 618 1088; x_wconf 88' lang='lat'><strong>13—15.</strong></span> <span class='ocrx_word' id='word_1_161' title='bbox 667 1056 770 1098; x_wconf 82' lang='lat' dir='ltr'><strong>Lege:</strong></span> <span class='ocrx_word' id='word_1_162' title='bbox 800 1054 982 1097; x_wconf 82' lang='lat' dir='ltr'><strong>Incognitus</strong></span> <span class='ocrx_word' id='word_1_163' title='bbox 1006 1052 1119 1083; x_wconf 77' lang='lat' dir='ltr'><strong>mansit</strong></span> <span class='ocrx_word' id='word_1_164' title='bbox 1142 1050 1234 1082; x_wconf 87' lang='lat' dir='ltr'><strong>huius</strong></span> <span class='ocrx_word' id='word_1_165' title='bbox 1259 1050 1404 1082; x_wconf 88' lang='lat' dir='ltr'><strong>beneficii</strong></span> <span class='ocrx_word' id='word_1_166' title='bbox 1430 1056 1538 1082; x_wconf 83' lang='lat' dir='ltr'><strong>auctor</strong></span> <span class='ocrx_word' id='word_1_167' title='bbox 1553 1074 1560 1087; x_wconf 88' lang='lat'>‚</span> <span class='ocrx_word' id='word_1_168' title='bbox 1586 1051 1628 1081; x_wconf 78' lang='lat' dir='ltr'><strong>ita</strong></span> <span class='ocrx_word' id='word_1_169' title='bbox 1648 1056 1682 1081; x_wconf 88' lang='lat' dir='ltr'><strong>ut</strong></span> <span class='ocrx_word' id='word_1_170' title='bbox 1702 1051 1818 1093; x_wconf 79' lang='lat' dir='ltr'><strong>gratiae</strong></span> <span class='ocrx_word' id='word_1_171' title='bbox 1837 1050 1865 1082; x_wconf 92' lang='lat' dir='ltr'><strong>ei</strong></span> <span class='ocrx_word' id='word_1_172' title='bbox 1890 1051 1939 1093; x_wconf 76' lang='lat' dir='ltr'><strong>agi</strong></span> 
     </span>
     <span class='ocr_line' id='line_1_16' title="bbox 272 1112 977 1157; baseline -0.004 -12"><span class='ocrx_word' id='word_1_173' title='bbox 272 1127 333 1145; x_wconf 89' lang='lat' dir='ltr'><strong>non</strong></span> <span class='ocrx_word' id='word_1_174' title='bbox 359 1120 482 1157; x_wconf 87' lang='lat' dir='ltr'><strong>possent</strong></span> <span class='ocrx_word' id='word_1_175' title='bbox 504 1125 560 1156; x_wconf 87' lang='lat' dir='ltr'><strong>pro</strong></span> <span class='ocrx_word' id='word_1_176' title='bbox 585 1114 698 1156; x_wconf 79' lang='lat' dir='ltr'><strong>insigni</strong></span> <span class='ocrx_word' id='word_1_177' title='bbox 722 1114 787 1145; x_wconf 77' lang='lat' dir='ltr'><strong>eius</strong></span> <span class='ocrx_word' id='word_1_178' title='bbox 811 1112 977 1144; x_wconf 87' lang='lat' dir='ltr'><strong>beneficio.</strong></span> 
     </span>
    </p>

    <p class='ocr_par' dir='ltr' id='par_1_8' title="bbox 318 1167 1582 1215">
     <span class='ocr_line' id='line_1_17' title="bbox 318 1167 1582 1215; baseline -0.005 -12"><span class='ocrx_word' id='word_1_179' title='bbox 318 1173 389 1215; x_wconf 80' lang='lat' dir='ltr'><strong>Pag.</strong></span> <span class='ocrx_word' id='word_1_180' title='bbox 412 1175 469 1203; x_wconf 93' lang='lat'><strong>111</strong></span> <span class='ocrx_word' id='word_1_181' title='bbox 486 1196 493 1208; x_wconf 85' lang='grc'>,</span> <span class='ocrx_word' id='word_1_182' title='bbox 519 1183 591 1202; x_wconf 80' lang='lat' dir='ltr'><strong>ann.</strong></span> <span class='ocrx_word' id='word_1_183' title='bbox 615 1173 689 1203; x_wconf 78' lang='lat'><strong>207.</strong></span> <span class='ocrx_word' id='word_1_184' title='bbox 739 1171 788 1202; x_wconf 88' lang='lat' dir='ltr'><strong>Cf.</strong></span> <span class='ocrx_word' id='word_1_185' title='bbox 817 1170 1008 1201; x_wconf 87' lang='lat' dir='ltr'><strong>Glossarium</strong></span> <span class='ocrx_word' id='word_1_186' title='bbox 1032 1179 1139 1200; x_wconf 88' lang='lat' dir='ltr'><strong>meum</strong></span> <span class='ocrx_word' id='word_1_187' title='bbox 1161 1167 1199 1199; x_wconf 82' lang='lat' dir='ltr'><strong>ad</strong></span> <span class='ocrx_word' id='word_1_188' title='bbox 1222 1167 1452 1199; x_wconf 64' lang='lat' dir='ltr'><strong>&#39;Ibn-Adarrum</strong></span> <span class='ocrx_word' id='word_1_189' title='bbox 1476 1179 1506 1210; x_wconf 91' lang='lat' dir='ltr'><strong>p.</strong></span> <span class='ocrx_word' id='word_1_190' title='bbox 1531 1168 1582 1198; x_wconf 69' lang='lat'><strong>1⁶2.</strong></span> 
     </span>
    </p>

    <p class='ocr_par' dir='ltr' id='par_1_9' title="bbox 271 1223 1938 1332">
     <span class='ocr_line' id='line_1_18' title="bbox 316 1223 1938 1268; baseline -0.006 -5"><span class='ocrx_word' id='word_1_191' title='bbox 316 1250 378 1268; x_wconf 90' lang='lat'><strong>—,</strong></span> <span class='ocrx_word' id='word_1_192' title='bbox 405 1242 448 1262; x_wconf 65' lang='lat' dir='ltr'><strong>VS.</strong></span> <span class='ocrx_word' id='word_1_193' title='bbox 473 1233 490 1261; x_wconf 91' lang='lat'>5</span> <span class='ocrx_word' id='word_1_194' title='bbox 517 1236 546 1262; x_wconf 89' lang='lat' dir='ltr'><strong>et</strong></span> <span class='ocrx_word' id='word_1_195' title='bbox 572 1232 591 1261; x_wconf 92' lang='lat'>6</span> <span class='ocrx_word' id='word_1_196' title='bbox 617 1236 647 1261; x_wconf 87' lang='lat' dir='ltr'><strong>et</strong></span> <span class='ocrx_word' id='word_1_197' title='bbox 672 1241 745 1260; x_wconf 77' lang='lat' dir='ltr'><strong>ann.</strong></span> <span class='ocrx_word' id='word_1_198' title='bbox 769 1230 844 1260; x_wconf 84' lang='lat'><strong>208.</strong></span> <span class='ocrx_word' id='word_1_199' title='bbox 901 1227 1010 1258; x_wconf 57' lang='lat' dir='ltr'><strong>Deleta</strong></span> <span class='ocrx_word' id='word_1_200' title='bbox 1035 1226 1095 1257; x_wconf 81' lang='lat' dir='ltr'><strong>hac</strong></span> <span class='ocrx_word' id='word_1_201' title='bbox 1120 1232 1225 1257; x_wconf 80' lang='lat' dir='ltr'><strong>annot.</strong></span> <span class='ocrx_word' id='word_1_202' title='bbox 1242 1251 1250 1263; x_wconf 97' lang='lat'><strong><em>,</em></strong></span> <span class='ocrx_word' id='word_1_203' title='bbox 1276 1225 1417 1268; x_wconf 80' lang='lat' dir='ltr'><strong>legatur:</strong></span> <span class='ocrx_word' id='word_1_204' title='bbox 1451 1225 1591 1256; x_wconf 88' lang='lat' dir='ltr'><strong>Fuerunt</strong></span> <span class='ocrx_word' id='word_1_205' title='bbox 1615 1223 1759 1255; x_wconf 88' lang='lat' dir='ltr'><strong>nonnulli</strong></span> <span class='ocrx_word' id='word_1_206' title='bbox 1780 1223 1834 1266; x_wconf 87' lang='lat' dir='ltr'><strong>qui</strong></span> <span class='ocrx_word' id='word_1_207' title='bbox 1858 1224 1938 1266; x_wconf 76' lang='lat' dir='ltr'><strong>opti-</strong></span> 
     </span>
     <span class='ocr_line' id='line_1_19' title="bbox 271 1282 1741 1332; baseline -0.005 -11"><span class='ocrx_word' id='word_1_208' title='bbox 271 1301 357 1320; x_wconf 86' lang='lat' dir='ltr'><strong>mum</strong></span> <span class='ocrx_word' id='word_1_209' title='bbox 374 1289 527 1332; x_wconf 83' lang='lat' dir='ltr'><strong>putabant</strong></span> <span class='ocrx_word' id='word_1_210' title='bbox 551 1289 657 1332; x_wconf 80' lang='lat' dir='ltr'><strong>fugam</strong></span> <span class='ocrx_word' id='word_1_211' title='bbox 682 1295 712 1319; x_wconf 89' lang='lat' dir='ltr'><strong>et</strong></span> <span class='ocrx_word' id='word_1_212' title='bbox 736 1287 888 1320; x_wconf 78' lang='lat' dir='ltr'><strong>exilium:</strong></span> <span class='ocrx_word' id='word_1_213' title='bbox 917 1285 992 1316; x_wconf 81' lang='lat' dir='ltr'><strong>alios</strong></span> <span class='ocrx_word' id='word_1_214' title='bbox 1013 1295 1083 1315; x_wconf 87' lang='lat' dir='ltr'><strong>vero</strong></span> <span class='ocrx_word' id='word_1_215' title='bbox 1104 1284 1242 1326; x_wconf 85' lang='lat' dir='ltr'><strong>ipsorum</strong></span> <span class='ocrx_word' id='word_1_216' title='bbox 1266 1283 1359 1326; x_wconf 85' lang='lat' dir='ltr'><strong>pedes</strong></span> <span class='ocrx_word' id='word_1_217' title='bbox 1382 1284 1414 1314; x_wconf 88' lang='lat' dir='ltr'><strong>in</strong></span> <span class='ocrx_word' id='word_1_218' title='bbox 1438 1283 1564 1314; x_wconf 78' lang='lat' dir='ltr'><strong>exitium</strong></span> <span class='ocrx_word' id='word_1_219' title='bbox 1590 1282 1741 1314; x_wconf 79' lang='lat' dir='ltr'><strong>tulerunt.</strong></span> 
     </span>
    </p>

    <p class='ocr_par' dir='ltr' id='par_1_10' title="bbox 316 1345 980 1387">
     <span class='ocr_line' id='line_1_20' title="bbox 316 1345 980 1387; baseline -0.008 -8"><span class='ocrx_word' id='word_1_220' title='bbox 316 1367 376 1385; x_wconf 77' lang='lat'><strong>—‚</strong></span> <span class='ocrx_word' id='word_1_221' title='bbox 403 1359 475 1378; x_wconf 81' lang='lat' dir='ltr'><strong>ann.</strong></span> <span class='ocrx_word' id='word_1_222' title='bbox 497 1349 572 1379; x_wconf 82' lang='lat'><strong>209.</strong></span> <span class='ocrx_word' id='word_1_223' title='bbox 623 1346 672 1378; x_wconf 81' lang='lat' dir='ltr'><strong>Cf.</strong></span> <span class='ocrx_word' id='word_1_224' title='bbox 699 1345 769 1376; x_wconf 85' lang='lat' dir='ltr'><strong>Vol.</strong></span> <span class='ocrx_word' id='word_1_225' title='bbox 794 1345 819 1376; x_wconf 92' lang='lat' dir='ltr'><strong>I.</strong></span> <span class='ocrx_word' id='word_1_226' title='bbox 846 1357 876 1387; x_wconf 86' lang='lat' dir='ltr'><strong>p.</strong></span> <span class='ocrx_word' id='word_1_227' title='bbox 904 1345 980 1375; x_wconf 82' lang='lat'><strong>428.</strong></span> 
     </span>
    </p>

    <p class='ocr_par' dir='ltr' id='par_1_11' title="bbox 317 1399 1531 1449">
     <span class='ocr_line' id='line_1_21' title="bbox 317 1399 1531 1449; baseline -0.007 -11"><span class='ocrx_word' id='word_1_228' title='bbox 317 1407 390 1449; x_wconf 79' lang='lat' dir='ltr'><strong>Pag.</strong></span> <span class='ocrx_word' id='word_1_229' title='bbox 414 1408 475 1437; x_wconf 87' lang='lat'><strong>112</strong></span> <span class='ocrx_word' id='word_1_230' title='bbox 491 1431 499 1442; x_wconf 85' lang='lat'><em>‚</em></span> <span class='ocrx_word' id='word_1_231' title='bbox 524 1417 566 1438; x_wconf 82' lang='lat' dir='ltr'><strong>vs.</strong></span> <span class='ocrx_word' id='word_1_232' title='bbox 592 1408 622 1437; x_wconf 93' lang='lat'><strong>7.</strong></span> <span class='ocrx_word' id='word_1_233' title='bbox 671 1403 853 1447; x_wconf 78' lang='lat' dir='ltr'><strong>Legendu&#39;m</strong></span> <span class='ocrx_word' id='word_1_234' title='bbox 878 1413 942 1434; x_wconf 91' lang='lat' dir='ltr'><strong>esse</strong></span> <span class='ocrx_word' id='word_1_235' title='bbox 968 1401 1101 1443; x_wconf 80' lang='lat' dir='ltr'><strong>deferet</strong></span> <span class='ocrx_word' id='word_1_236' title='bbox 1117 1425 1125 1438; x_wconf 83' lang='lat'>‚</span> <span class='ocrx_word' id='word_1_237' title='bbox 1150 1400 1212 1432; x_wconf 77' lang='lat' dir='ltr'><strong>dixi</strong></span> <span class='ocrx_word' id='word_1_238' title='bbox 1237 1400 1307 1431; x_wconf 83' lang='lat' dir='ltr'><strong>vol.</strong></span> <span class='ocrx_word' id='word_1_239' title='bbox 1334 1399 1374 1431; x_wconf 88' lang='grc' dir='ltr'><strong>ΙΙ.</strong></span> <span class='ocrx_word' id='word_1_240' title='bbox 1400 1411 1432 1442; x_wconf 91' lang='lat' dir='ltr'><strong>p.</strong></span> <span class='ocrx_word' id='word_1_241' title='bbox 1458 1400 1531 1430; x_wconf 88' lang='lat'><strong>257.</strong></span> 
     </span>
    </p>

    <p class='ocr_par' dir='ltr' id='par_1_12' title="bbox 317 1461 1053 1506">
     <span class='ocr_line' id='line_1_22' title="bbox 317 1461 1053 1506; baseline -0.011 -9"><span class='ocrx_word' id='word_1_242' title='bbox 317 1485 360 1490; x_wconf 90' lang='lat'>—</span> <span class='ocrx_word' id='word_1_243' title='bbox 377 1490 383 1502; x_wconf 83' lang='lat'>‚</span> <span class='ocrx_word' id='word_1_244' title='bbox 410 1476 452 1496; x_wconf 83' lang='lat' dir='ltr'><strong>vs.</strong></span> <span class='ocrx_word' id='word_1_245' title='bbox 476 1466 527 1497; x_wconf 86' lang='lat'><strong>11.</strong></span> <span class='ocrx_word' id='word_1_246' title='bbox 576 1464 658 1506; x_wconf 82' lang='lat' dir='ltr'><strong>Lege</strong></span> <span class='ocrx_word' id='word_1_247' title='bbox 682 1463 861 1505; x_wconf 68' lang='lat' dir='ltr'><strong>aperuz&#39;slc&#39;</strong></span> <span class='ocrx_word' id='word_1_248' title='bbox 884 1467 914 1492; x_wconf 86' lang='lat' dir='ltr'><strong>et</strong></span> <span class='ocrx_word' id='word_1_249' title='bbox 939 1461 1053 1490; x_wconf 68' lang='lat' dir='ltr'><strong>auxit.</strong></span> 
     </span>
    </p>

    <p class='ocr_par' dir='ltr' id='par_1_13' title="bbox 273 1516 1941 1802">
     <span class='ocr_line' id='line_1_23' title="bbox 318 1516 1939 1566; baseline -0.006 -11"><span class='ocrx_word' id='word_1_250' title='bbox 318 1524 392 1566; x_wconf 80' lang='lat' dir='ltr'><strong>Pag.</strong></span> <span class='ocrx_word' id='word_1_251' title='bbox 418 1526 500 1560; x_wconf 79' lang='lat'><strong>113,</strong></span> <span class='ocrx_word' id='word_1_252' title='bbox 527 1532 569 1552; x_wconf 77' lang='lat' dir='ltr'><strong>vs.</strong></span> <span class='ocrx_word' id='word_1_253' title='bbox 596 1523 607 1551; x_wconf 89' lang='lat'><strong>1</strong></span> <span class='ocrx_word' id='word_1_254' title='bbox 638 1527 668 1552; x_wconf 90' lang='lat' dir='ltr'><strong>et</strong></span> <span class='ocrx_word' id='word_1_255' title='bbox 690 1531 761 1551; x_wconf 83' lang='lat' dir='ltr'><strong>ann.</strong></span> <span class='ocrx_word' id='word_1_256' title='bbox 785 1521 859 1550; x_wconf 89' lang='grc'><strong>213.</strong></span> <span class='ocrx_word' id='word_1_257' title='bbox 920 1519 1025 1560; x_wconf 79' lang='lat' dir='ltr'><strong>Lege:</strong></span> <span class='ocrx_word' id='word_1_258' title='bbox 1063 1517 1124 1547; x_wconf 89' lang='lat' dir='ltr'><strong>Vos</strong></span> <span class='ocrx_word' id='word_1_259' title='bbox 1148 1516 1225 1547; x_wconf 89' lang='lat' dir='ltr'><strong>mihi</strong></span> <span class='ocrx_word' id='word_1_260' title='bbox 1248 1517 1347 1547; x_wconf 80' lang='lat' dir='ltr'><strong>fatum</strong></span> <span class='ocrx_word' id='word_1_261' title='bbox 1372 1516 1508 1558; x_wconf 88' lang='lat' dir='ltr'><strong>eripuit,</strong></span> <span class='ocrx_word' id='word_1_262' title='bbox 1534 1522 1564 1547; x_wconf 84' lang='lat' dir='ltr'><strong>et</strong></span> <span class='ocrx_word' id='word_1_263' title='bbox 1594 1522 1698 1547; x_wconf 82' lang='lat' dir='ltr'><strong>tamen</strong></span> <span class='ocrx_word' id='word_1_264' title='bbox 1724 1522 1802 1547; x_wconf 85' lang='lat' dir='ltr'><strong>caet.</strong></span> <span class='ocrx_word' id='word_1_265' title='bbox 1854 1517 1939 1557; x_wconf 79' lang='lat' dir='ltr'><strong>Quae</strong></span> 
     </span>
     <span class='ocr_line' id='line_1_24' title="bbox 275 1572 1940 1628; baseline -0.005 -15"><span class='ocrx_word' id='word_1_266' title='bbox 275 1584 303 1613; x_wconf 88' lang='lat' dir='ltr'><strong>in</strong></span> <span class='ocrx_word' id='word_1_267' title='bbox 330 1588 436 1613; x_wconf 80' lang='lat' dir='ltr'><strong>annot.</strong></span> <span class='ocrx_word' id='word_1_268' title='bbox 463 1581 500 1612; x_wconf 88' lang='lat' dir='ltr'><strong>de</strong></span> <span class='ocrx_word' id='word_1_269' title='bbox 517 1581 614 1628; x_wconf 49' lang='lat' dir='ltr'><strong>josto</strong></span> <span class='ocrx_word' id='word_1_270' title='bbox 639 1579 701 1610; x_wconf 78' lang='lat' dir='ltr'><strong>dixi</strong></span> <span class='ocrx_word' id='word_1_271' title='bbox 725 1577 899 1609; x_wconf 84' lang='lat' dir='ltr'><strong>deleantur.</strong></span> <span class='ocrx_word' id='word_1_272' title='bbox 960 1575 1116 1607; x_wconf 82' lang='lat' dir='ltr'><strong>Particula</strong></span> <span class='ocrx_word' id='word_1_273' title='bbox 1140 1589 1174 1614; x_wconf 52' lang='grc' dir='ltr'>ῳ</span> <span class='ocrx_word' id='word_1_274' title='bbox 1198 1575 1230 1605; x_wconf 89' lang='lat' dir='ltr'><strong>in</strong></span> <span class='ocrx_word' id='word_1_275' title='bbox 1256 1573 1320 1613; x_wconf 44' lang='grc' dir='ltr'><strong>[ἀρ</strong></span> <span class='ocrx_word' id='word_1_276' title='bbox 1344 1580 1389 1605; x_wconf 87' lang='lat' dir='ltr'><strong>est</strong></span> <span class='ocrx_word' id='word_1_277' title='bbox 1413 1572 1537 1612; x_wconf 46' lang='grc' dir='ltr'><strong>Κὲιλεᾰὲᾶἱ</strong></span> <span class='ocrx_word' id='word_1_278' title='bbox 1567 1574 1609 1614; x_wconf 44' lang='lat' dir='ltr'><strong>st?</strong></span> <span class='ocrx_word' id='word_1_279' title='bbox 1625 1598 1633 1611; x_wconf 87' lang='lat'><em>‚</em></span> <span class='ocrx_word' id='word_1_280' title='bbox 1659 1580 1689 1605; x_wconf 85' lang='lat' dir='ltr'><strong>et</strong></span> <span class='ocrx_word' id='word_1_281' title='bbox 1713 1575 1778 1617; x_wconf 85' lang='lat' dir='ltr'><strong>ipse</strong></span> <span class='ocrx_word' id='word_1_282' title='bbox 1799 1575 1861 1605; x_wconf 82' lang='lat' dir='ltr'><strong>iam</strong></span> <span class='ocrx_word' id='word_1_283' title='bbox 1886 1574 1940 1605; x_wconf 82' lang='lat' dir='ltr'><strong>ob-</strong></span> 
     </span>
     <span class='ocr_line' id='line_1_25' title="bbox 274 1633 1941 1685; baseline -0.004 -13"><span class='ocrx_word' id='word_1_284' title='bbox 274 1644 390 1675; x_wconf 52' lang='lat' dir='ltr'><strong>servavi</strong></span> <span class='ocrx_word' id='word_1_285' title='bbox 416 1641 496 1685; x_wconf 92' lang='lat' dir='ltr'><strong>(Vol.</strong></span> <span class='ocrx_word' id='word_1_286' title='bbox 524 1642 548 1672; x_wconf 92' lang='grc' dir='ltr'><strong>Ι.</strong></span> <span class='ocrx_word' id='word_1_287' title='bbox 574 1652 606 1683; x_wconf 88' lang='lat' dir='ltr'><strong>p.</strong></span> <span class='ocrx_word' id='word_1_288' title='bbox 629 1641 693 1671; x_wconf 85' lang='lat'><strong>414</strong></span> <span class='ocrx_word' id='word_1_289' title='bbox 710 1664 717 1676; x_wconf 92' lang='lat'>,</span> <span class='ocrx_word' id='word_1_290' title='bbox 755 1650 828 1670; x_wconf 83' lang='lat' dir='ltr'><strong>ann.</strong></span> <span class='ocrx_word' id='word_1_291' title='bbox 855 1640 916 1669; x_wconf 85' lang='lat'><strong>106</strong></span> <span class='ocrx_word' id='word_1_292' title='bbox 932 1662 940 1675; x_wconf 87' lang='lat'><em>‚</em></span> <span class='ocrx_word' id='word_1_293' title='bbox 967 1643 996 1668; x_wconf 88' lang='lat' dir='ltr'><strong>et</strong></span> <span class='ocrx_word' id='word_1_294' title='bbox 1028 1637 1059 1667; x_wconf 91' lang='lat' dir='ltr'><strong>in</strong></span> <span class='ocrx_word' id='word_1_295' title='bbox 1083 1635 1236 1667; x_wconf 85' lang='lat' dir='ltr'><strong>Glossario</strong></span> <span class='ocrx_word' id='word_1_296' title='bbox 1272 1634 1309 1665; x_wconf 83' lang='lat' dir='ltr'><strong>ad</strong></span> <span class='ocrx_word' id='word_1_297' title='bbox 1329 1633 1595 1665; x_wconf 75' lang='lat' dir='ltr'><strong>‘Ibn-Badrfinum</strong></span> <span class='ocrx_word' id='word_1_298' title='bbox 1628 1646 1659 1677; x_wconf 91' lang='lat' dir='ltr'><strong>p.</strong></span> <span class='ocrx_word' id='word_1_299' title='bbox 1686 1635 1786 1676; x_wconf 85' lang='lat'><strong>110),</strong></span> <span class='ocrx_word' id='word_1_300' title='bbox 1813 1635 1941 1666; x_wconf 85' lang='lat' dir='ltr'><strong>verbum</strong></span> 
     </span>
     <span class='ocr_line' id='line_1_26' title="bbox 273 1692 1940 1745; baseline -0.006 -12"><span class='ocrx_word' id='word_1_301' title='bbox 273 1708 349 1745; x_wconf 53' lang='lat'><strong>&amp;59</strong></span> <span class='ocrx_word' id='word_1_302' title='bbox 374 1712 445 1732; x_wconf 90' lang='lat' dir='ltr'><strong>cum</strong></span> <span class='ocrx_word' id='word_1_303' title='bbox 469 1716 503 1740; x_wconf 51' lang='grc' dir='ltr'>ῳ</span> <span class='ocrx_word' id='word_1_304' title='bbox 528 1698 719 1730; x_wconf 80' lang='lat' dir='ltr'><strong>transitivam</strong></span> <span class='ocrx_word' id='word_1_305' title='bbox 744 1697 859 1727; x_wconf 79' lang='lat' dir='ltr'><strong>habere</strong></span> <span class='ocrx_word' id='word_1_306' title='bbox 883 1701 1067 1739; x_wconf 85' lang='lat' dir='ltr'><strong>potestatem</strong></span> <span class='ocrx_word' id='word_1_307' title='bbox 1098 1700 1129 1725; x_wconf 84' lang='lat' dir='ltr'><strong>et</strong></span> <span class='ocrx_word' id='word_1_308' title='bbox 1152 1693 1299 1725; x_wconf 81' lang='lat' dir='ltr'><strong>denotare</strong></span> <span class='ocrx_word' id='word_1_309' title='bbox 1324 1693 1394 1723; x_wconf 64' lang='lat' dir='ltr'><em>labe·</em></span> <span class='ocrx_word' id='word_1_310' title='bbox 1416 1692 1518 1734; x_wconf 76' lang='lat' dir='ltr'><strong>feeit.</strong></span> <span class='ocrx_word' id='word_1_311' title='bbox 1581 1692 1736 1736; x_wconf 81' lang='lat' dir='ltr'><strong>Exemplis</strong></span> <span class='ocrx_word' id='word_1_312' title='bbox 1766 1704 1846 1735; x_wconf 82' lang='lat' dir='ltr'><strong>quae</strong></span> <span class='ocrx_word' id='word_1_313' title='bbox 1879 1694 1940 1724; x_wconf 83' lang='lat' dir='ltr'><strong>iam</strong></span> 
     </span>
     <span class='ocr_line' id='line_1_27' title="bbox 273 1758 1017 1802; baseline -0.008 -10"><span class='ocrx_word' id='word_1_314' title='bbox 273 1762 343 1794; x_wconf 85' lang='lat' dir='ltr'><strong>dedi</strong></span> <span class='ocrx_word' id='word_1_315' title='bbox 369 1761 446 1793; x_wconf 77' lang='lat' dir='ltr'><strong>adde</strong></span> <span class='ocrx_word' id='word_1_316' title='bbox 470 1760 670 1802; x_wconf 80' lang='lat' dir='ltr'><strong>&#39;al-Maqqari</strong></span> <span class='ocrx_word' id='word_1_317' title='bbox 690 1759 731 1789; x_wconf 92' lang='grc' dir='ltr'><strong>ΙΙ.</strong></span> <span class='ocrx_word' id='word_1_318' title='bbox 756 1770 789 1801; x_wconf 89' lang='lat' dir='ltr'><strong>p.</strong></span> <span class='ocrx_word' id='word_1_319' title='bbox 813 1763 871 1795; x_wconf 67' lang='grc' dir='ltr'><strong>Μ,</strong></span> <span class='ocrx_word' id='word_1_320' title='bbox 897 1769 940 1789; x_wconf 70' lang='lat' dir='ltr'><strong>vs.</strong></span> <span class='ocrx_word' id='word_1_321' title='bbox 968 1758 1017 1787; x_wconf 94' lang='lat'><strong>10.</strong></span> 
     </span>
    </p>

    <p class='ocr_par' dir='ltr' id='par_1_14' title="bbox 275 1815 1939 1923">
     <span class='ocr_line' id='line_1_28' title="bbox 316 1815 1939 1862; baseline -0.005 -9"><span class='ocrx_word' id='word_1_322' title='bbox 316 1842 358 1846; x_wconf 91' lang='lat'><strong>—</strong></span> <span class='ocrx_word' id='word_1_323' title='bbox 375 1847 382 1859; x_wconf 83' lang='lat'>‚</span> <span class='ocrx_word' id='word_1_324' title='bbox 408 1834 449 1853; x_wconf 82' lang='lat' dir='ltr'><strong>vs.</strong></span> <span class='ocrx_word' id='word_1_325' title='bbox 475 1824 491 1852; x_wconf 88' lang='lat'><strong>4</strong></span> <span class='ocrx_word' id='word_1_326' title='bbox 514 1828 543 1852; x_wconf 82' lang='lat' dir='ltr'><strong>et</strong></span> <span class='ocrx_word' id='word_1_327' title='bbox 565 1824 594 1851; x_wconf 86' lang='lat'><strong>5.</strong></span> <span class='ocrx_word' id='word_1_328' title='bbox 643 1820 748 1862; x_wconf 80' lang='lat' dir='ltr'><strong>Lege:</strong></span> <span class='ocrx_word' id='word_1_329' title='bbox 778 1818 904 1850; x_wconf 80' lang='lat' dir='ltr'><strong>Abiistis</strong></span> <span class='ocrx_word' id='word_1_330' title='bbox 929 1817 1003 1848; x_wconf 90' lang='lat' dir='ltr'><strong>dum</strong></span> <span class='ocrx_word' id='word_1_331' title='bbox 1029 1823 1111 1849; x_wconf 83' lang='lat' dir='ltr'><strong>aetas</strong></span> <span class='ocrx_word' id='word_1_332' title='bbox 1140 1823 1239 1849; x_wconf 83' lang='lat' dir='ltr'><strong>vestra</strong></span> <span class='ocrx_word' id='word_1_333' title='bbox 1265 1816 1367 1847; x_wconf 84' lang='lat' dir='ltr'><strong>adhuc</strong></span> <span class='ocrx_word' id='word_1_334' title='bbox 1393 1822 1498 1847; x_wconf 83' lang='lat' dir='ltr'><strong>tenera</strong></span> <span class='ocrx_word' id='word_1_335' title='bbox 1523 1822 1612 1853; x_wconf 81' lang='lat' dir='ltr'><strong>erat,</strong></span> <span class='ocrx_word' id='word_1_336' title='bbox 1648 1822 1678 1846; x_wconf 87' lang='lat' dir='ltr'><strong>et</strong></span> <span class='ocrx_word' id='word_1_337' title='bbox 1702 1826 1772 1846; x_wconf 80' lang='lat' dir='ltr'><strong>mox</strong></span> <span class='ocrx_word' id='word_1_338' title='bbox 1796 1815 1939 1846; x_wconf 83' lang='lat' dir='ltr'><strong>fortunae</strong></span> 
     </span>
     <span class='ocr_line' id='line_1_29' title="bbox 275 1876 1117 1923; baseline -0.006 -12"><span class='ocrx_word' id='word_1_339' title='bbox 275 1883 361 1912; x_wconf 68' lang='lat' dir='ltr'><strong>casus</strong></span> <span class='ocrx_word' id='word_1_340' title='bbox 381 1892 483 1912; x_wconf 84' lang='lat' dir='ltr'><strong>meam</strong></span> <span class='ocrx_word' id='word_1_341' title='bbox 508 1879 679 1923; x_wconf 82' lang='lat' dir='ltr'><strong>potentiam</strong></span> <span class='ocrx_word' id='word_1_342' title='bbox 701 1877 738 1908; x_wconf 81' lang='lat' dir='ltr'><strong>ad</strong></span> <span class='ocrx_word' id='word_1_343' title='bbox 764 1877 898 1908; x_wconf 88' lang='lat' dir='ltr'><strong>nihilum</strong></span> <span class='ocrx_word' id='word_1_344' title='bbox 919 1876 1117 1919; x_wconf 84' lang='lat' dir='ltr'><strong>redegerunt.</strong></span> 
     </span>
    </p>

    <p class='ocr_par' dir='ltr' id='par_1_15' title="bbox 318 1934 1139 1981">
     <span class='ocr_line' id='line_1_30' title="bbox 318 1934 1139 1981; baseline -0.007 -11"><span class='ocrx_word' id='word_1_345' title='bbox 318 1940 390 1981; x_wconf 79' lang='lat' dir='ltr'><strong>Pag.</strong></span> <span class='ocrx_word' id='word_1_346' title='bbox 418 1941 499 1976; x_wconf 88' lang='grc'><strong>114,</strong></span> <span class='ocrx_word' id='word_1_347' title='bbox 526 1950 567 1969; x_wconf 85' lang='lat' dir='ltr'><strong>vs.</strong></span> <span class='ocrx_word' id='word_1_348' title='bbox 592 1941 620 1968; x_wconf 92' lang='lat'><strong>1.</strong></span> <span class='ocrx_word' id='word_1_349' title='bbox 670 1936 728 1967; x_wconf 84' lang='lat' dir='ltr'><strong>Pro</strong></span> <span class='ocrx_word' id='word_1_350' title='bbox 751 1937 891 1966; x_wconf 66' lang='lat' dir='ltr'><strong>etiamsi</strong></span> <span class='ocrx_word' id='word_1_351' title='bbox 914 1935 981 1977; x_wconf 80' lang='lat' dir='ltr'><strong>lege</strong></span> <span class='ocrx_word' id='word_1_352' title='bbox 1006 1934 1139 1977; x_wconf 76' lang='lat' dir='ltr'><strong>quodsi.</strong></span> 
     </span>
    </p>

    <p class='ocr_par' dir='ltr' id='par_1_16' title="bbox 276 1997 1940 2104">
     <span class='ocr_line' id='line_1_31' title="bbox 317 1997 1940 2044; baseline -0.006 -8"><span class='ocrx_word' id='word_1_353' title='bbox 317 2025 379 2043; x_wconf 80' lang='lat'><strong>—---⁷</strong></span> <span class='ocrx_word' id='word_1_354' title='bbox 405 2017 447 2036; x_wconf 72' lang='lat' dir='ltr'><strong>vs.</strong></span> <span class='ocrx_word' id='word_1_355' title='bbox 474 2007 508 2035; x_wconf 92' lang='grc'><strong>11</strong></span> <span class='ocrx_word' id='word_1_356' title='bbox 533 2010 563 2036; x_wconf 87' lang='lat' dir='ltr'><strong>et</strong></span> <span class='ocrx_word' id='word_1_357' title='bbox 586 2005 637 2034; x_wconf 84' lang='lat'><strong>12.</strong></span> <span class='ocrx_word' id='word_1_358' title='bbox 686 2003 790 2044; x_wconf 79' lang='lat' dir='ltr'><strong>Lege:</strong></span> <span class='ocrx_word' id='word_1_359' title='bbox 819 2001 956 2031; x_wconf 76' lang='lat' dir='ltr'><strong>Exitium</strong></span> <span class='ocrx_word' id='word_1_360' title='bbox 981 2006 1119 2031; x_wconf 86' lang='lat' dir='ltr'><strong>vestrum</strong></span> <span class='ocrx_word' id='word_1_361' title='bbox 1135 2024 1143 2037; x_wconf 96' lang='lat'><strong><em>,</em></strong></span> <span class='ocrx_word' id='word_1_362' title='bbox 1177 1998 1327 2041; x_wconf 84' lang='lat' dir='ltr'><strong>quamdiu</strong></span> <span class='ocrx_word' id='word_1_363' title='bbox 1360 2009 1464 2029; x_wconf 89' lang='lat' dir='ltr'><strong>meum</strong></span> <span class='ocrx_word' id='word_1_364' title='bbox 1498 2009 1551 2028; x_wconf 86' lang='lat' dir='ltr'><strong>eor</strong></span> <span class='ocrx_word' id='word_1_365' title='bbox 1576 2008 1675 2029; x_wconf 92' lang='lat' dir='ltr'><strong>unum</strong></span> <span class='ocrx_word' id='word_1_366' title='bbox 1699 1997 1865 2040; x_wconf 87' lang='lat' dir='ltr'><strong>suspirium</strong></span> <span class='ocrx_word' id='word_1_367' title='bbox 1897 2009 1940 2028; x_wconf 84' lang='lat' dir='ltr'><strong>as-</strong></span> 
     </span>
     <span class='ocr_line' id='line_1_32' title="bbox 276 2060 960 2104; baseline -0.006 -11"><span class='ocrx_word' id='word_1_368' title='bbox 276 2071 372 2095; x_wconf 60' lang='lat' dir='ltr'><strong>servat</strong></span> <span class='ocrx_word' id='word_1_369' title='bbox 389 2089 396 2101; x_wconf 82' lang='lat'>‚</span> <span class='ocrx_word' id='word_1_370' title='bbox 422 2069 551 2095; x_wconf 80' lang='lat' dir='ltr'><strong>exacuet</strong></span> <span class='ocrx_word' id='word_1_371' title='bbox 573 2072 694 2104; x_wconf 82' lang='lat' dir='ltr'><strong>semper</strong></span> <span class='ocrx_word' id='word_1_372' title='bbox 718 2060 857 2101; x_wconf 86' lang='lat' dir='ltr'><strong>dolorem</strong></span> <span class='ocrx_word' id='word_1_373' title='bbox 882 2065 960 2090; x_wconf 77' lang='lat' dir='ltr'><strong>caet.</strong></span> 
     </span>
    </p>

    <p class='ocr_par' dir='ltr' id='par_1_17' title="bbox 321 2125 1027 2173">
     <span class='ocr_line' id='line_1_33' title="bbox 321 2125 1027 2173; baseline -0.01 -12"><span class='ocrx_word' id='word_1_374' title='bbox 321 2131 392 2173; x_wconf 75' lang='lat' dir='ltr'><strong>Pag.</strong></span> <span class='ocrx_word' id='word_1_375' title='bbox 418 2133 476 2161; x_wconf 86' lang='lat'><strong>115</strong></span> <span class='ocrx_word' id='word_1_376' title='bbox 495 2154 502 2167; x_wconf 82' lang='lat'>‚</span> <span class='ocrx_word' id='word_1_377' title='bbox 529 2141 572 2160; x_wconf 79' lang='lat' dir='ltr'><strong>VS.</strong></span> <span class='ocrx_word' id='word_1_378' title='bbox 601 2130 630 2160; x_wconf 84' lang='lat'><strong>4.</strong></span> <span class='ocrx_word' id='word_1_379' title='bbox 681 2125 728 2158; x_wconf 84' lang='lat' dir='ltr'><strong>Cf.</strong></span> <span class='ocrx_word' id='word_1_380' title='bbox 755 2126 823 2156; x_wconf 83' lang='lat' dir='ltr'><strong>Vol.</strong></span> <span class='ocrx_word' id='word_1_381' title='bbox 847 2125 870 2156; x_wconf 93' lang='lat' dir='ltr'><strong>I.</strong></span> <span class='ocrx_word' id='word_1_382' title='bbox 896 2137 928 2168; x_wconf 92' lang='lat' dir='ltr'><strong>p.</strong></span> <span class='ocrx_word' id='word_1_383' title='bbox 953 2126 1027 2155; x_wconf 83' lang='lat'><strong>428.</strong></span> 
     </span>
    </p>

    <p class='ocr_par' dir='ltr' id='par_1_18' title="bbox 320 2180 1939 2229">
     <span class='ocr_line' id='line_1_34' title="bbox 320 2180 1939 2229; baseline -0.007 -9"><span class='ocrx_word' id='word_1_384' title='bbox 320 2207 363 2211; x_wconf 80' lang='lat'><strong>——</strong></span> <span class='ocrx_word' id='word_1_385' title='bbox 378 2214 385 2225; x_wconf 83' lang='lat'><em>‚</em></span> <span class='ocrx_word' id='word_1_386' title='bbox 411 2200 454 2219; x_wconf 74' lang='lat' dir='ltr'><strong>vs.</strong></span> <span class='ocrx_word' id='word_1_387' title='bbox 482 2190 530 2219; x_wconf 92' lang='lat'><strong>10.</strong></span> <span class='ocrx_word' id='word_1_388' title='bbox 591 2187 696 2229; x_wconf 82' lang='lat' dir='ltr'><strong>Lege:</strong></span> <span class='ocrx_word' id='word_1_389' title='bbox 737 2184 902 2221; x_wconf 77' lang='lat' dir='ltr'><strong>utilitatis3</strong></span> <span class='ocrx_word' id='word_1_390' title='bbox 937 2182 1078 2226; x_wconf 85' lang='lat' dir='ltr'><strong>dispersit</strong></span> <span class='ocrx_word' id='word_1_391' title='bbox 1105 2182 1231 2225; x_wconf 63' lang='lat' dir='ltr'><strong>(magnii</strong></span> <span class='ocrx_word' id='word_1_392' title='bbox 1251 2180 1446 2223; x_wconf 81' lang='lat' dir='ltr'><strong>fortitudine)</strong></span> <span class='ocrx_word' id='word_1_393' title='bbox 1471 2180 1601 2212; x_wconf 80' lang='lat' dir='ltr'><strong>densum</strong></span> <span class='ocrx_word' id='word_1_394' title='bbox 1626 2180 1784 2223; x_wconf 80' lang='lat' dir='ltr'><strong>pulverem</strong></span> <span class='ocrx_word' id='word_1_395' title='bbox 1799 2204 1806 2215; x_wconf 87' lang='lat'>‚</span> <span class='ocrx_word' id='word_1_396' title='bbox 1827 2185 1857 2210; x_wconf 89' lang='lat' dir='ltr'><strong>et</strong></span> <span class='ocrx_word' id='word_1_397' title='bbox 1881 2180 1939 2209; x_wconf 88' lang='lat' dir='ltr'><strong>mi-</strong></span> 
     </span>
    </p>
   </div>
   <div class='ocr_carea' id='block_1_3' title="bbox 276 2237 1940 2289">
    <p class='ocr_par' dir='ltr' id='par_1_19' title="bbox 276 2237 1940 2289">
     <span class='ocr_line' id='line_1_35' title="bbox 276 2237 1940 2289; baseline -0.005 -12"><span class='ocrx_word' id='word_1_398' title='bbox 276 2259 362 2289; x_wconf 67' lang='lat' dir='ltr'><strong>grare</strong></span> <span class='ocrx_word' id='word_1_399' title='bbox 393 2248 465 2279; x_wconf 83' lang='lat' dir='ltr'><strong>fecit</strong></span> <span class='ocrx_word' id='word_1_400' title='bbox 497 2254 575 2279; x_wconf 79' lang='lat' dir='ltr'><strong>caet.</strong></span> <span class='ocrx_word' id='word_1_401' title='bbox 613 2266 657 2270; x_wconf 94' lang='lat'><strong>—</strong></span> <span class='ocrx_word' id='word_1_402' title='bbox 688 2244 866 2285; x_wconf 84' lang='lat' dir='ltr'><strong>Utrumque</strong></span> <span class='ocrx_word' id='word_1_403' title='bbox 889 2241 1061 2281; x_wconf 52' lang='lat' dir='ltr'><strong>313&gt;[idem</strong></span> <span class='ocrx_word' id='word_1_404' title='bbox 1096 2247 1141 2272; x_wconf 90' lang='lat' dir='ltr'><strong>est</strong></span> <span class='ocrx_word' id='word_1_405' title='bbox 1170 2247 1263 2284; x_wconf 84' lang='lat' dir='ltr'><strong>atque</strong></span> <span class='ocrx_word' id='word_1_406' title='bbox 1290 2242 1441 2278; x_wconf 46' lang='grc' dir='ltr'><strong>..ἀλλ-ἐπ,</strong></span> <span class='ocrx_word' id='word_1_407' title='bbox 1475 2238 1526 2271; x_wconf 90' lang='lat' dir='ltr'><strong>sed</strong></span> <span class='ocrx_word' id='word_1_408' title='bbox 1552 2237 1804 2281; x_wconf 86' lang='lat' dir='ltr'><strong>quandoquidem</strong></span> <span class='ocrx_word' id='word_1_409' title='bbox 1835 2237 1872 2268; x_wconf 83' lang='lat' dir='ltr'><strong>ad</strong></span> <span class='ocrx_word' id='word_1_410' title='bbox 1896 2237 1940 2268; x_wconf 87' lang='lat' dir='ltr'><strong>di-</strong></span> 
     </span>
    </p>
   </div>
   <div class='ocr_carea' id='block_1_4' title="bbox 278 2304 1291 2347">
    <p class='ocr_par' dir='ltr' id='par_1_20' title="bbox 278 2304 1291 2347">
     <span class='ocr_line' id='line_1_36' title="bbox 278 2304 1291 2347; baseline -0.004 -6"><span class='ocrx_word' id='word_1_411' title='bbox 278 2322 361 2342; x_wconf 72' lang='lat' dir='ltr'><strong>versa</strong></span> <span class='ocrx_word' id='word_1_412' title='bbox 387 2311 506 2342; x_wconf 79' lang='lat' dir='ltr'><strong>obiecta</strong></span> <span class='ocrx_word' id='word_1_413' title='bbox 531 2310 682 2346; x_wconf 80' lang='lat' dir='ltr'><strong>refertur,</strong></span> <span class='ocrx_word' id='word_1_414' title='bbox 708 2308 858 2339; x_wconf 85' lang='lat' dir='ltr'><strong>diversam</strong></span> <span class='ocrx_word' id='word_1_415' title='bbox 893 2305 989 2339; x_wconf 83' lang='lat' dir='ltr'><strong>habet</strong></span> <span class='ocrx_word' id='word_1_416' title='bbox 1021 2304 1291 2347; x_wconf 69' lang='lat' dir='ltr'><strong>significationem.</strong></span> 
     </span>
    </p>
   </div>
   <div class='ocr_carea' id='block_1_5' title="bbox 1195 2439 1216 2454">
    <p class='ocr_par' dir='ltr' id='par_1_21' title="bbox 1195 2439 1216 2454">
     <span class='ocr_line' id='line_1_37' title="bbox 1195 2439 1216 2454; baseline 0 0"><span class='ocrx_word' id='word_1_417' title='bbox 1195 2439 1216 2454; x_wconf 64' lang='grc' dir='ltr'><em>Ο</em></span> 
     </span>
    </p>
   </div>
  </div>
 </body>
</html>
