2127 2905
983 157 1297 192 ——182—

358 258 432 302 Pag.
453 259 536 294 404,
562 267 601 286 vs.
624 253 755 285 10—13
779 258 810 285 et
835 263 909 286 ann.
933 255 986 286 45.
1040 254 1143 298 Lege:
1171 255 1238 289 Nisi
1261 257 1367 290 decori
1394 269 1500 291 sensus
1528 270 1546 290 a
1569 270 1619 292 me
1644 262 1797 295 rationem
1820 271 1978 307 posceret,

314 334 343 358 te
368 327 400 358 in
425 326 488 357 eius
514 323 638 365 (nempe
662 319 823 365 epistolae)
848 321 1002 364 plicatur&
1025 322 1193 356 visitarem.
1228 342 1272 349 -
1297 325 1374 357 Vult
1397 327 1568 358 nimirum:
1596 327 1735 361 chartam
1759 329 1878 373 plicans
1893 355 1901 369 ,
1927 344 1977 364 me

314 396 345 426 in
366 393 417 425 illa
435 390 668 423 absconderem.
692 406 737 414 --
759 389 797 421 In
821 389 961 421 versione
985 391 1090 422 versus
1115 392 1272 434 sequentis
1295 392 1480 436 imperfecto
1510 394 1716 427 substituatur
1738 397 1977 441 plusquamper-

314 467 439 497 fectum.
464 480 508 486 —-
532 461 770 494 Substantivum
794 460 992 493 collectivum
1014 464 1080 510 &45
1104 474 1196 507 saepe
1220 465 1378 504 occurrit3
1410 466 1454 497 sic
1477 477 1508 500 v.
1535 477 1561 498 c.
1587 471 1699 510 poetae
1722 467 1808 500 haud
1837 480 1906 500 raro
1930 469 1977 500 di-

314 551 387 577 cunt
411 543 449 576 de
469 543 574 587 puella
601 535 691 592 ‘5205
711 529 804 589 μὲ,
828 543 849 575 i.
863 554 894 575 e.
921 545 1020 574 cuius
1036 544 1146 586 fres‘ca
1168 545 1261 577 labia
1283 545 1401 577 dulcia
1423 551 1523 585 sunt,
1549 555 1584 580 ut
1604 549 1635 580 in
1655 560 1745 580 versu
1767 549 1982 582 ‘Izzo-'d-dinz·

316 612 555 656 ‘al-Moqaddasi
578 610 645 643 Les
670 613 815 643 oiseaux
839 616 872 642 et
897 611 947 642 les
959 612 1079 654 fleur-s·
1102 623 1133 654 p.
1154 617 1178 645 Λὶ
1203 613 1253 645 ed.
1281 614 1395 646 Garcin
1420 615 1458 647 de
1478 615 1591 658 Tassy:

498 707 588 746 ὂψ
616 690 738 736 kjsums
766 689 856 735 «με
883 679 972 742 &252³
991 678 1065 737 ,ῑέ-
1145 679 1227 727 ..222
1255 671 1336 744 ζμ
1363 683 1425 736 3.ss
1447 711 1500 745 02
1527 678 1619 745 ἕψε
1664 698 1796 748 (iamsi)

314 777 421 819 (quem
446 748 568 808 versum
590 774 672 806 male
692 774 840 818 explicuit
863 774 963 807 editor
989 746 1032 817 (p.
1054 774 1129 817 185)
1143 799 1151 812 ,
1177 774 1215 807 de
1236 747 1390 809 infinitivflo
1415 777 1502 820 verbi
1526 778 1565 812 t.)
1593 778 1711 821 (totam
1733 780 1878 812 comedit
1899 792 1962 813 rem
1969 796 1977 822 Ι

314 859 469 901 cogitans,
506 858 560 900 qui
584 862 629 888 est
642 837 739 900 jafi),
777 857 825 889 vel
847 857 937 906 ‘5435
959 856 1096 900 aljana,
1130 862 1164 888 ut
1197 856 1280 900 apud
1306 857 1477 900 Grangeret
1506 858 1544 891 de
1577 859 1739 903 Lagrange
1774 861 1981 905 Anthologz'e

313 939 418 970 arabe
441 950 472 982 p.
499 942 555 976 Ἣ,
581 949 624 969 vs.
645 940 663 969 4
686 949 703 969 a
723 938 746 970 f.
761 962 769 976 ‚
794 939 842 971 vel
863 937 953 987 &AB
976 928 1084 987 :552ss
1100 962 1108 976 ,
1140 945 1174 970 ut
1198 940 1230 970 in
1256 940 1394 971 carmine
1416 940 1449 971 in
1474 940 1638 972 Noctibus
1661 941 1769 974 Arab.
1798 942 1837 974 X.
1864 954 1894 986 p.
1918 947 1980 982 ΡνἹ,

312 1032 354 1051 vs.
377 1022 395 1050 2
421 1019 468 1051 ed.
495 1018 653 1052 Fleischer
678 1019 729 1062 (de
751 1024 903 1067 &Ji-3:3⁴²
927 1019 968 1051 cf.
994 991 1169 1051 Fleischerz'
1193 1026 1298 1051 annot.
1326 1020 1399 1054 XII.
1435 1032 1466 1064 p.
1493 1021 1558 1064 15).
1619 1022 1654 1054 In
1682 1023 1869 1066 Grangereti
1900 1024 1979 1055 libro

316 1100 360 1142 (p.
387 1099 427 1142 5⁸1)
452 1100 566 1143 legitur
589 1099 647 1134 &45
675 1087 777 1148 ἐμω)
803 1101 877 1130 eius
893 1099 1002 1141 fusca
1029 1099 1123 1130 labia
1148 1103 1231 1131 suxi
1254 1102 1275 1134 i.
1300 1113 1328 1134 6,
1355 1101 1511 1133 osculatus
1537 1113 1614 1133 sum.

357 1186 401 1193 --
417 1192 426 1206 ,
450 1180 492 1200 VS.
515 1171 533 1200 3
555 1180 572 1199 a
594 1169 615 1199 f.
664 1167 747 1200 Pro:
775 1167 896 1199 etiamsi
913 1167 1086 1210 graviorem
1100 1191 1109 1205 ,
1135 1168 1330 1200 accuratius:
1358 1174 1455 1212 utque
1481 1170 1520 1201 sit
1544 1170 1676 1212 gravior.

359 1254 423 1274 —‚
450 1247 491 1267 vs,
514 1237 533 1266 2
559 1246 575 1266 a
593 1235 617 1268 f.
642 1242 672 1267 et
693 1247 765 1267 ann.
788 1238 843 1269 51.
892 1235 1002 1267 Deleta
1026 1235 1086 1266 hac
1112 1242 1216 1267 annot.
1231 1260 1239 1273 ‚
1266 1236 1410 1279 legatur:
1439 1237 1539 1269 Antea
1563 1236 1634 1273 Sil-ir
1656 1248 1724 1268 raro
1749 1249 1799 1269 me
1822 1239 1980 1275 visitabat,

316 1303 367 1335 sed
393 1314 490 1346 quum
515 1302 623 1335 morbo
647 1303 812 1347 premebar
828 1327 836 1341 ‚
862 1302 989 1334 adduxit
1011 1314 1081 1335 eam
1106 1310 1183 1336 caet.

360 1370 434 1413 Pag.
461 1372 524 1402 405
541 1395 549 1408 ‚
574 1383 618 1403 vs.
641 1372 773 1403 20—-24
797 1377 828 1402 et
849 1383 921 1403 ann.
948 1375 1001 1404 55.
1051 1372 1136 1404 Haec
1157 1372 1256 1404 versio
1278 1378 1308 1403 et
1327 1373 1492 1416 explicatio
1513 1371 1582 1404 ideo
1607 1372 1758 1415 imprimis
1780 1372 1901 1404 admitti
1922 1385 1983 1404 non

316 1443 444 1481 possunt
459 1461 466 1474 ‚
493 1438 566 1480 quia
589 1442 676 1486 aad)
700 1448 864 1481 nunquam
887 1438 925 1470 de
948 1446 1086 1472 amatore
1104 1439 1238 1477 dicitur,
1264 1439 1317 1471 sed
1339 1451 1460 1483 semper
1486 1440 1523 1472 de
1544 1440 1667 1483 puellae
1688 1440 1825 1472 custode.
1864 1442 1983 1485 Legens

316 1519 410 1560 igitur
433 1509 516 1565 5350
540 1529 575 1550 ex
603 1519 659 1556 L„
684 1520 790 1550 versus
815 1520 858 1551 sic
879 1520 1090 1563 interpretor:

409 1584 527 1617 Blande
551 1591 582 1616 et
602 1591 702 1617 astute
725 1586 837 1618 celavit
862 1586 992 1630 (puella)
1018 1592 1079 1619 tres
1100 1598 1147 1619 res
1170 1598 1244 1630 quas
1266 1586 1444 1630 patiebatur
1468 1588 1566 1619 trihus
1588 1588 1653 1620 aliis
1670 1615 1677 1626 ‚
1702 1596 1731 1620 et
1756 1591 1798 1621 sic
1822 1591 1922 1622 effecit
1948 1597 1981 1621 ut

454 1654 520 1685 eius
545 1659 646 1684 custos
670 1653 749 1684 nihil
772 1653 911 1693 videret3
1400 1641 1403 1643 Δ

412 1720 546 1763 (Celavit
569 1720 693 1764 nempe)
718 1732 787 1752 suas
812 1732 939 1753 arcanas
964 1722 1167 1764 cogitationes
1193 1721 1362 1765 pudicitiae
1387 1724 1510 1766 specie,
1537 1725 1648 1772 amoris
1673 1725 1830 1755 flammam
1862 1725 1983 1767 patien-

453 1789 514 1819 tiae
539 1788 724 1827 simulacro,
749 1788 939 1821 dementiam
967 1790 1015 1831 (ex
1037 1800 1142 1821 amore
1163 1789 1276 1832 ortam)
1302 1789 1445 1821 simulata
1466 1791 1627 1833 gravitate.

367 1857 440 1900 Pag.
463 1858 547 1894 406,
571 1867 613 1888 VS.
630 1857 682 1888 18.
731 1857 789 1889 Pro
807 1869 813 1887 :
838 1856 962 1889 nullum
983 1859 1089 1902 itaque
1110 1838 1240 1890 verbum
1264 1857 1401 1900 protuli,
1418 1857 1485 1901 lege
1501 1870 1506 1889 :
1525 1858 1607 1901 quod
1628 1858 1777 1902 impedire
1798 1869 1859 1889 non
1884 1860 1980 1902 potui.

366 1925 440 1968 Pag.
468 1926 530 1956 407
546 1948 554 1962 ,
579 1935 624 1958 vs,
650 1926 680 1956 2.
728 1925 807 1957 Pro:
835 1925 910 1957 vidi
933 1926 1001 1969 lege
1026 1925 1155 1958 videbo.
1400 1919 1404 1925 ’

366 2010 432 2029 --,
457 2003 530 2023 ann.
556 1993 595 2023 61
623 1991 774 2025 deleatur,
930 1980 935 1981 ⁷

367 2079 430 2098 —,
456 2071 528 2091 ann.
554 2061 609 2092 63.
658 2060 812 2094 Posterior
833 2062 986 2094 sententia
1010 2060 1159 2093 deleatur.

369 2147 411 2152 —
427 2152 435 2165 ,
460 2138 503 2158 vs.
525 2127 583 2159 ult.
632 2128 815 2172 Legendum
839 2141 920 2162 esse:
945 2136 1086 2164 nostrum
1107 2134 1152 2160 est
1174 2128 1298 2171 capiens
1321 2134 1352 2160 et
1376 2134 1506 2172 captus,
1533 2128 1594 2159 dixi
1620 2128 1689 2160 Vol.
1708 2127 1748 2159 II.
1773 2139 1805 2170 p.
1826 2128 1901 2158 262.

370 2194 442 2237 Pag.
464 2194 526 2225 408
541 2218 549 2232 ,
574 2205 618 2228 vs,
643 2197 657 2226 l
685 2208 729 2239 sq.
778 2197 880 2241 Lege:
907 2196 931 2229 Ο
952 2197 1032 2230 Sais!
1060 2196 1218 2229 Beneficio
1247 2195 1436 2240 prehensum
1465 2203 1537 2228 tene
1562 2196 1675 2227 fiducia
1707 2183 1836 2239 dign-um
1861 2195 1980 2231 virum,

328 2263 380 2304 qui
406 2260 535 2294 minime
560 2263 646 2306 cupit
669 2270 703 2296 ut
726 2265 827 2308 ipsum
848 2266 991 2299 libertate
1011 2265 1105 2298 dones
1125 2277 1181 2310 pro
1204 2264 1364 2297 beneficiis
1387 2265 1419 2297 in
1443 2271 1474 2297 te
1497 2265 1624 2297 collatis.
